2646 3920
216 198 256 256 VI
594 199 802 258 PRAEFATIO

283 369 365 441 Quae
394 385 464 429 vero
492 369 623 428 carmina
653 367 732 448 apud
759 368 964 431 Burmannum
991 370 1181 452 Meyerumre

216 460 346 519 extantia
370 457 539 536 quibusque
562 457 729 518 rationibus
752 458 862 519 ductus
886 461 1046 539 omiserim,
1070 460 1127 521 boc
1151 464 1182 522 in

217 547 341 609 alterius
364 545 500 608 fasciculi
522 547 706 624 praefatione
725 546 898 625 singillatim
917 559 1093 628 exponetur.
1134 547 1181 610 ln·

216 639 304 698 terim
328 637 385 696 boc
408 635 566 697 adnotasse
590 637 727 715 sufficiat,
748 634 830 712 [libri
854 636 1029 698 Salmasiani
1051 640 1182 699 carmina

216 744 263 787 me
292 728 390 786 omnia
422 726 588 804 recepisse,
620 728 651 786 in
675 723 798 803 ceteris]
823 743 870 786 me
902 728 1001 787 omnia
1029 729 1184 807 omisisse,

216 833 292 894 quae
311 814 357 875 vel
375 822 532 894 poetarum
555 813 674 874 aliunde
698 822 838 874 notorum
862 807 902 900 (e.
921 834 948 877 c.
966 815 1057 878 Ennii
1073 815 1182 878 Lucilii

214 896 383 987 Ciceronis)
416 912 499 983 sunt,
531 902 578 963 vel
614 912 648 963 ut
679 904 795 982 integra
832 906 965 966 carmina
996 903 1043 967 rel
1079 914 1181 986 partes

215 995 382 1054 carminum
406 1010 421 1051 a
445 993 551 1070 quovis
574 992 760 1070 antiquitatis
779 995 927 1073 scriptore
946 995 1086 1072 citantur,
1109 1014 1135 1055 e·
1154 1013 1181 1056 c.

214 1101 230 1142 a
259 1081 416 1160 Cicerone,
450 1080 608 1158 Suetonio,
640 1081 840 1160 scriptoribus
867 1083 937 1144 hist.
965 1085 1053 1166 bug,
1085 1102 1181 1164 gram·

212 1172 344 1231 maticis:
368 1188 444 1249 quae
468 1188 504 1230 ex
528 1168 735 1250 supplemento
754 1180 858 1232 nostro
877 1170 1044 1234 litterarum
1063 1173 1180 1235 Latina·

212 1278 280 1320 rum
304 1268 463 1339 propterea
487 1257 608 1320 exclusa
632 1257 778 1341 volumus,
806 1260 886 1339 quod
910 1264 941 1321 in
964 1261 1023 1322 illis
1046 1262 1180 1324 lontibus

212 1350 331 1409 iamiam
354 1348 504 1427 leguntur.
549 1347 592 1408 De
617 1347 748 1409 Senecae
772 1356 872 1410 autem
895 1359 926 1410 et
945 1348 1080 1411 Petronii
1104 1368 1180 1429 quae

211 1438 356 1499 dicuntur
375 1437 559 1499 carminibus
577 1435 627 1498 illa
645 1438 826 1499 conferenda
845 1446 917 1500 sunt
935 1457 1011 1518 quae
1029 1443 1060 1499 iu
1075 1437 1180 1499 Fleclr·

212 1529 307 1588 eiseni
334 1526 490 1588 annalibus
518 1526 707 1607 philologieis
730 1527 948 1607 disputavimus
973 1526 1054 1605 [ann.
1077 1527 1179 1608 philol.

213 1613 298 1679 1869
322 1635 351 1696 p.
365 1613 431 1679 282
446 1613 525 1695 sqq]

279 1705 453 1766 Terminum
474 1704 657 1765 carminibus
677 1704 822 1784 eligendis
841 1706 918 1766 sexti
936 1723 965 1783 p.
979 1704 1047 1767 Gbr.
1068 1704 1179 1766 saeculi

211 1795 301 1854 linem
334 1795 492 1875 constitui,
532 1813 600 1855 cum
632 1794 689 1854 boc
722 1793 759 1854 ad
791 1795 999 1873 antiquitatem
1031 1794 1103 1855 licet
1133 1796 1178 1854 in·

212 1883 311 1943 limam
335 1893 430 1944 toturn
454 1885 612 1964 pertineat,
638 1885 766 1962 septimo
789 1900 861 1943 vero
884 1885 915 1942 in
935 1881 1017 1944 ltalia
1037 1891 1068 1944 et
1086 1882 1178 1944 Gallia

211 1974 337 2051 vestigia
361 1975 406 2033 rei
428 1975 563 2051 poeticae
587 1980 691 2033 extent
713 1970 804 2051 nulla,
826 1973 858 2030 in
876 1970 1029 2032 Britannia
1054 1991 1124 2033 vero
1148 1981 1178 2033 et

209 2059 352 2122 Hibernia
376 2071 449 2122 tunc
472 2061 593 2122 demum
613 2060 795 2122 carminibus
814 2061 979 2140 pangendis
997 2060 1179 2124 indulserint

212 2152 351 2230 antiquos
385 2150 505 2230 quidem
538 2149 570 2210 hi
602 2167 722 2229 quoque
754 2150 919 2230 imitantes,
956 2150 1008 2210 sed
1041 2160 1177 2230 tempore

210 2238 337 2319 locoque
360 2239 397 2299 ab
420 2241 464 2300 eis
487 2257 613 2318 prorsus
633 2240 770 2316 separati.
816 2236 921 2300 Nullus
940 2246 1000 2300 tam
1025 2247 1127 2301 certus
1145 2243 1177 2301 in

210 2327 351 2408 Hispania
374 2330 521 2389 terminus
540 2336 595 2409 est,
619 2345 712 2407 quare
730 2327 819 2389 latius
838 2331 955 2407 evagari
974 2347 1063 2407 quam
1081 2331 1177 2390 artius

210 2417 357 2496 adstringi
379 2417 422 2477 ibi
444 2416 544 2478 malui.
566 2450 604 2460 -
631 2416 694 2476 Hoc
718 2416 846 2494 denique
871 2418 1036 2478 cavendum
1059 2426 1114 2493 est,
1138 2436 1176 2480 ue

210 2508 242 2566 in
270 2507 430 2567 reiciendis
458 2505 640 2566 carminibus
665 2504 836 2566 ullomodo
867 2505 1033 2567 rationibus
1060 2506 1177 2585 elegan-

209 2599 268 2656 tiae
293 2605 323 2656 et
345 2598 510 2656 venustatis
539 2596 697 2656 ducamur:
725 2597 775 2655 cui
803 2597 874 2655 vitio
897 2595 1003 2656 incidit
1026 2603 1057 2656 et
1079 2595 1176 2657 Dueb-

209 2703 311 2766 uerus,
335 2687 388 2764 qui
410 2686 441 2745 in
465 2683 535 2745 libri
553 2683 715 2764 Meyeriani
737 2685 913 2745 recensione
937 2692 1071 2745 ceterum
1095 2702 1176 2763 saga-

210 2767 568 2857 citerinstituta(Ztscbr.
579 2774 598 2835 s.
609 2771 858 2836 althswiss.l837
869 2768 1032 2855 psl-42)
1043 2776 1175 2834 carmina

209 2861 313 2923 mutila
342 2862 494 2923 reicienda
521 2862 608 2944 dicit,
640 2871 670 2922 et
698 2862 771 2923 Luc.
798 2861 975 2944 Muellerus,
1002 2881 1072 2923 r-um
1099 2881 1176 2923 mus.

209 2951 254 3011 rh.
270 2950 363 3012 XVlll
376 2948 442 3013 432
453 2971 497 3031 sq.
517 2960 660 3012 centones
675 2951 858 3031 Vergilianus
873 2950 992 3013 excludi
1006 2954 1175 3031 inscriptio-

209 3059 323 3119 nesque
365 3059 426 3100 non
467 3043 527 3102 nisi
568 3040 736 3119 pulcriores
772 3043 867 3121 recipi
903 3040 997 3102 iubet.
1057 3039 1175 3111 Quanto

208 3131 324 3190 rectius
348 3138 379 3190 et
401 3126 672 3211 φιλολογώτερον
690 3128 866 3210 Lessingius
889 3128 926 3190 de
944 3129 1099 3209 Anonymo
1123 3131 1176 3208 qui

208 3218 342 3279 Nereleti
365 3218 477 3279 dicitur
500 3219 665 3280 disserens:
694 3215 760 3280 ‘lob
784 3219 904 3280 sobime
926 3218 1006 3278 mich
1030 3217 1116 3279 nicht
1138 3236 1175 3278 zu

208 3306 380 3390 belrennen,
408 3307 476 3369 dass
504 3308 553 3368 iob
582 3307 675 3369 selbst
705 3311 789 3369 einer
817 3326 875 3368 von
902 3307 999 3368 denen
1027 3306 1094 3387 bin,
1127 3306 1175 3367 die

209 3396 360 3459 durcbaus
380 3397 479 3458 nicbts
495 3397 601 3458 wollen
621 3397 808 3477 untergeben
827 3397 936 3476 lassen,
955 3414 1016 3456 was
1034 3398 1088 3456 aul
1104 3395 1175 3456 sehr

208 3486 297 3547 altem
310 3486 477 3566 Pergameo
492 3481 735 3567 (obsoletissimis
750 3481 945 3567 membranis)
961 3484 1068 3567 stebet,
1087 3503 1175 3546 rreun

206 3594 240 3636 es
268 3576 345 3639 auch
372 3576 466 3638 scbon
494 3575 573 3637 nocb
601 3578 651 3637 ein
678 3580 776 3655 wenig
804 3574 973 3636 soblecbter
997 3577 1037 3636 ist
1060 3573 1103 3636 als
1127 3574 1175 3637 die
