2646 3920
211 190 330 245 xxviii
590 189 797 245 PRAEFATIO

280 357 434 419 Lisorius:
461 359 659 436 Pronpsorat
688 359 841 432 obrizum,
871 360 941 418 dum
965 358 1076 418 Ltotcta
1103 363 1179 418 ster·

214 454 300 521 teret,
324 464 444 507 aurum.

281 536 434 597 Lisortus:
453 537 519 596 Non
534 534 670 613 peritum
690 537 789 597 tendis
807 538 836 596 st
852 538 898 596 ots
912 537 1025 596 audire
1035 542 1180 610 peritum.

281 625 434 685 Lisortus:
460 625 589 685 Annuus
617 631 652 685 ut
674 627 805 699 reditus,
836 642 895 700 auo
920 641 1038 700 nascar
1065 627 1181 684 vestiar

214 732 324 789 unaar.

281 803 553 864 LisortusrPeatus
563 804 830 879 ysoponundatur
840 804 1061 876 cerebrumque
1069 803 1182 877 sinapi.

282 892 436 952 Lisortus:
459 893 522 951 Neo
538 889 721 966 fronditum
736 894 829 968 pinus
849 892 912 951 Nec
927 892 1075 965 floritura
1091 893 1182 963 ficus.

214 973 309 1064 (idem
333 989 463 1040 metrum
486 987 533 1039 est
555 981 587 1039 in
611 998 635 1039 c.
655 973 745 1060 309).

281 1067 416 1129 nudatur
439 1067 486 1127 his
509 1069 643 1128 Faustus
666 1063 803 1150 (Luxurii
826 1060 954 1149 amicus)
984 1071 1015 1128 tn
1039 1071 1181 1144 epytoao:

214 1159 262 1219 De
285 1161 411 1218 iavacro
434 1159 573 1231 redeunt,
597 1164 800 1218 numerantur
823 1164 853 1217 et
875 1159 947 1217 indo
970 1153 1127 1232 uidentes]

281 1244 342 1306 lam
369 1252 405 1305 ut
432 1263 467 1305 eo
495 1245 629 1323 redeam,
665 1247 812 1307 Coronati
840 1252 967 1305 aetatem
997 1254 1028 1305 et
1055 1246 1181 1322 patriam

214 1334 338 1395 Luxorii
365 1336 507 1417 amicitia,
536 1336 648 1395 Felicis
676 1337 808 1394 carmina
836 1334 872 1393 de
901 1333 1027 1394 thermis
1054 1332 1179 1393 Thrasa-

214 1423 381 1484 mundiacis
401 1426 511 1502 scripta
531 1423 745 1498 demonstrant,
764 1422 840 1483 libro
858 1421 950 1482 xvnl
968 1425 1081 1483 inserta
1100 1415 1185 1505 (210

214 1508 353 1594 -214);
377 1515 514 1591 sequitur
529 1514 698 1574 Postulatto
718 1516 854 1573 muneris
873 1509 948 1593 216,
967 1513 1031 1572 sine
1051 1513 1182 1590 nomine,

215 1601 267 1663 sed
292 1604 341 1662 oui
365 1620 390 1662 c.
410 1598 476 1663 254
498 1604 600 1662 uasti
620 1603 733 1662 Felicis
760 1603 800 1661 ita
824 1601 860 1662 ad
883 1600 973 1660 verba
997 1602 1060 1661 tere
1084 1599 1184 1660 simite

216 1700 275 1769 est,
304 1699 337 1750 ut
363 1690 460 1750 eidem
488 1698 593 1769 poetae
620 1698 783 1769 utrumque
815 1690 899 1751 iacile
923 1692 1018 1769 possit
1041 1688 1179 1750 adscribi.

216 1779 361 1856 Suspicor
383 1781 488 1858 igitur,
516 1786 547 1839 et
574 1797 666 1839 unum
696 1779 788 1839 tuisse
813 1778 943 1840 Felicem
968 1774 1094 1855 [uirum
1117 1782 1182 1839 ela·

216 1862 408 1948 rtsstmum’]‚
437 1868 489 1945 qui
516 1885 540 1929 c.
560 1864 738 1929 210-214
767 1878 796 1928 et
820 1864 886 1928 254
918 1869 1052 1948 scripsit,
1082 1884 1183 1945 neque

217 1956 252 2017 ab
277 1974 312 2017 eo
340 1955 469 2017 alienum
493 1974 559 2016 esse
584 1974 608 2016 c.
628 1953 702 2017 216.
748 1954 830 2026 Quae
853 1975 922 2018 eum
946 1958 987 2017 ita
1011 1957 1084 2036 sint,
1114 1954 1184 2015 iilos

217 2063 337 2125 quoque
370 2054 474 2122 poetas
501 2043 597 2105 titulis
625 2053 759 2125 ornatos,
791 2045 827 2106 de
856 2063 985 2125 quiorum
1014 2054 1110 2105 aetate
1138 2044 1180 2104 nii

217 2141 342 2212 constat,
362 2142 537 2212 argumento
556 2132 607 2194 ilio
626 2134 696 2194 freti
709 2131 907 2195 Vandalorum
928 2143 957 2195 et
981 2152 1052 2194 aevo
1076 2133 1183 2194 ultimo

216 2233 247 2283 et
274 2224 391 2301 regioni
418 2221 636 2283 adtribuemus:
671 2224 871 2285 Octauianum
899 2223 936 2300 (c.
960 2217 1019 2305 20)
1052 2223 1118 2283 dico
1152 2230 1182 2282 et

216 2314 427 2388 Sympnosium
455 2320 486 2372 et
509 2313 635 2373 Petrum
662 2321 692 2372 et
719 2313 884 2374 Calauium.
932 2311 1057 2372 Carmen
1081 2320 1182 2372 autem

216 2398 257 2462 21
284 2400 320 2461 ad
344 2400 538 2461 Octavianum
566 2400 647 2461 nulia
675 2403 851 2463 auctoritate
879 2409 1013 2462 vocatur.
1059 2399 1092 2461 {n
1122 2399 1181 2460 iltis

215 2508 286 2550 vero
310 2492 416 2570 poetis,
446 2508 574 2569 quorum
598 2489 770 2551 nominihus
793 2490 835 2551 nil
857 2492 889 2549 in
911 2491 1108 2568 inscriptione
1132 2489 1182 2549 ad-

217 2579 312 2639 ditum
336 2584 391 2659 est,
414 2577 546 2639 dubitari
568 2587 676 2659 potest,
701 2589 801 2639 utrum
826 2579 881 2639 hoc
905 2578 1015 2640 iactum
1039 2581 1087 2658 sit,
1112 2579 1182 2657 quia

217 2669 275 2728 vita
298 2670 433 2745 ipsorum
457 2667 567 2727 iamdiu
591 2667 792 2746 praeterlapsa
815 2676 892 2746 erat,
921 2685 958 2728 an
983 2668 1051 2746 quia
1075 2666 1181 2728 titulus

217 2755 254 2816 ad
277 2773 329 2815 eos
353 2754 452 2815 nullus
477 2755 645 2834 pertinebat
669 2753 861 2837 (quamquam
882 2750 1101 2817 ‘scholasticus'
1125 2755 1181 2816 sal-

217 2854 277 2904 tem
301 2846 509 2922 uuusquisque
533 2843 617 2904 facile
638 2844 697 2904 dici
716 2839 856 2926 poterat),
879 2863 917 2905 an
940 2845 1069 2923 denique
1093 2844 1181 2905 libra-

216 2935 332 2993 riorum
350 2940 466 2992 tautum
486 2932 572 3011 culpa
588 2932 666 2993 tituli
681 2937 864 2994 evanuerint.
898 2932 971 2993 Nam
986 2935 1183 2995 tiorenttuas

218 3020 337 3100 quidem
371 3013 412 3104 (o.
436 3015 516 3103 376)
548 3020 780 3102 Thrasamundi,
817 3024 891 3084 Cato
924 3014 963 3105 (c.
988 3014 1069 3103 387)
1101 3026 1182 3101 regis

217 3108 378 3187 Hunerigis
402 3108 587 3189 temporibus
611 3113 675 3171 sine
699 3110 789 3172 dubio
814 3114 1009 3190 scripserunt
1052 3111 1182 3172 Prorsus

218 3198 293 3259 nihil
316 3207 433 3259 constat
456 3199 492 3259 de
516 3201 616 3274 Auito,
640 3202 770 3275 Bonoso,
795 3202 923 3273 Donato,
948 3201 1090 3275 Lindtno,
1113 3201 1181 3261 Ma·

218 3292 325 3368 nortio,
349 3289 529 3364 Modesttno,
552 3290 709 3370 Pannona,
732 3290 882 3369 Bouiano,
901 3290 1083 3365 Repostano,
1106 3289 1181 3351 Tuo-

219 3380 309 3438 oiano
333 3380 395 3441 sine
418 3378 559 3458 Lucano,
590 3378 699 3458 Vespa,
729 3378 893 3440 Vincentio.
941 3377 999 3438 Sed
1023 3380 1182 3440 Hostdtunn

222 3467 328 3527 Getam
346 3465 479 3526 Medeam
499 3466 681 3544 tragoediam
702 3468 925 3528 consarcinasse
950 3486 986 3527 ex
1005 3465 1181 3528 Tertulliani

218 3553 318 3615 verbis
342 3574 369 3634 p.
390 3553 431 3615 61
456 3554 558 3615 relatis
582 3557 728 3636 novimus,
752 3554 860 3635 quihus
883 3555 941 3615 hoc
961 3566 1080 3635 qnoque
1104 3573 1182 3616 com-
