2642 3922
430 192 570 249 coniers
589 191 819 248 SALMASIANI.
1061 191 1105 256 95
1201 242 1206 253 ,

186 361 273 423 Nune
297 362 437 442 quoniam
460 360 616 421 manifesta
639 359 713 421 tides
736 359 938 439 gradibusque
960 358 1107 420 malornm

141 450 219 512 Hinc
242 450 323 512 illine
346 450 448 512 lucent
470 448 596 511 conlatis
619 451 743 510 crimina
767 448 868 527 rebus,

142 539 282 601 Officium
305 538 449 619 invadam,
472 538 589 600 valeant
611 546 645 600 nt
668 556 792 599 cernere
816 537 926 617 cuncti,

69 642 123 692 266
141 628 281 690 Piscandi
304 628 400 690 doctis
423 645 542 707 semper
564 625 607 687 nil
630 629 758 707 nequius
782 644 857 688 esse.

142 717 198 779 Hie
220 727 344 801 taceam,
367 715 494 777 audaces
517 716 601 778 ducit
623 716 702 796 quod
726 715 833 795 pallida
856 731 974 794 semper

142 807 176 868 ln
200 806 298 868 scelus
322 824 409 867 omne
433 805 535 886 fames,
558 813 734 885 secretaque
757 804 843 866 litora
866 810 987 883 cogunt.

141 895 206 957 Hoc
229 895 348 976 loquore
370 894 509 956 infaustis
532 894 626 956 levior
648 912 719 956 cum
741 893 895 955 scanditur
918 892 1016 972 alnus,

143 985 221 1057 Quid
245 985 355 1046 faciant
377 1001 459 1044 remo
483 982 575 1044 celeri
597 983 755 1063 lemboque
778 982 921 1063 volantes,

3 1048 5 1123 l
69 1085 123 1137 255
142 1073 310 1135 Excussum
333 1074 431 1133 uentis
453 1072 574 1153 pelagus
598 1090 667 1133 oum
690 1072 776 1133 litora
800 1073 923 1151 frangit:

140 1162 333 1242 Naufragium
357 1169 523 1240 expectant.
565 1162 636 1223 sidit
658 1180 728 1222 cum
751 1170 835 1240 rapta
859 1160 916 1222 sub
940 1159 1035 1221 undas

141 1252 262 1332 Puppis,
286 1250 436 1312 submersi
459 1250 551 1312 fundo
574 1258 747 1312 scrutantur
769 1250 904 1310 harenas.

141 1341 179 1402 m
202 1359 270 1402 cum
293 1339 419 1401 lassatus
442 1348 562 1419 portum
586 1342 634 1401 uix
657 1341 756 1400 navita
778 1339 860 1419 vidit,

142 1428 233 1490 Fnrta
257 1437 363 1509 parant
385 1430 553 1508 missosque
577 1436 680 1490 secant
702 1430 734 1488 in
756 1427 844 1488 litora
867 1426 963 1487 funes.

68 1530 123 1583 266
143 1517 172 1580 0·
192 1517 340 1579 scelerum
363 1526 509 1599 auctores,
532 1524 610 1579 tetro
635 1527 665 1578 et
688 1535 757 1578 cum
780 1517 905 1577 crimine
927 1515 1013 1594 ponti

143 1606 266 1668 Cladum
289 1609 451 1687 participes
475 1615 505 1667 et
528 1608 714 1685 tempestatis
738 1602 838 1665 amici!

141 1695 222 1757 Haec
242 1715 360 1776 quoquo
377 1698 404 1757 si
422 1697 581 1774 excutitur,
601 1713 689 1773 quam
707 1695 806 1773 magni
825 1694 960 1754 criminis
979 1708 1028 1752 ars
1047 1687 1105 1750 esti

141 1784 208 1845 Non
231 1785 330 1846 scelus
353 1795 408 1866 est,
431 1803 509 1846 unco
532 1786 646 1863 piscem
670 1784 750 1862 quod
773 1781 874 1842 fallitis
897 1799 972 1864 amo,

143 1873 228 1945 Quod
251 1873 383 1954 placidas
406 1873 510 1934 subter
534 1872 592 1934 lina
616 1873 797 1934 interieritis
820 1867 938 1932 undas?

68 1976 123 2027 266
142 1961 280 2024 Piscibus
303 1963 435 2024 adsuetis
458 1961 577 2024 fallaces
600 1962 723 2023 tendere
746 1978 865 2022 morsus

141 2051 274 2131 Neptuni
296 2052 435 2132 pulcrum
458 2053 555 2113 visum
577 2060 623 2113 est
646 2070 706 2112 non
729 2068 852 2130 parcere
876 2047 1005 2127 templis.
1079 2058 1158 2125 pe&

550 2221 697 2292 Epilogus

140 2337 202 2398 lam
226 2339 299 2398 satis
321 2336 403 2398 baec.
446 2336 531 2397 factis
555 2333 648 2414 [mea]
674 2353 728 2394 vox
751 2336 876 2413 inpensa
900 2331 1036 2393 nefandis

141 2426 289 2488 Piscantis
312 2425 428 2487 facinus
452 2426 561 2486 cecinit
585 2441 735 2503 versuque
759 2425 858 2503 coegit

3 2578 4 2601 ,
141 2516 265 2597 Aurum,
288 2514 407 2598 templa,
430 2514 523 2594 nefas,
545 2513 658 2594 titulos,
681 2514 901 2592 epigrammata,
925 2527 1043 2571 munus.

68 2616 123 2668 276
143 2603 330 2684 Supplicium
353 2613 446 2665 restat
470 2603 626 2683 scelerum,
651 2601 730 2681 quod
754 2600 880 2662 reddere
903 2597 993 2660 debet

141 2692 244 2775 ludex,
266 2692 417 2754 horrendo
441 2691 547 2754 tollens
570 2699 685 2755 tortore
709 2691 847 2752 securim.

215 2886 266 2936 248
284 2881 344 2936 illic
362 2881 391 2937 A
445 2886 496 2935 251
516 2883 564 2936 tac
581 2879 610 2934 ia
624 2880 652 2934 A
689 2880 765 2949 quod
778 2881 878 2949 scripsi
891 2893 961 2946 quos
975 2876 1004 2932 A
1040 2874 1105 2929 duci

142 2953 177 3008 H
216 2958 268 3008 252
287 2955 431 3024 segretaq3
450 2953 479 3007 A
515 2951 639 3005 condunt
657 2953 807 3019 Baehrens,
819 2950 909 3006 recte?
958 2953 1010 3003 256
1029 2946 1106 3003 locor

142 3024 170 3079 A
233 3029 285 3078 255
304 3023 419 3095 pelaeus
438 3024 466 3079 A
515 3021 602 3076 litura
620 3023 648 3076 A
693 3022 829 3092 frangunt
847 3023 962 3089 conicio,
980 3021 1016 3088 cf.
1034 3020 1105 3075 Hor.

141 3112 224 3154 carm.
243 3097 354 3165 111,5
377 3094 491 3165 plangit
508 3094 668 3165 Petschenig
748 3098 800 3147 256
820 3091 894 3147 sedit
911 3092 939 3146 A
975 3090 1052 3144 unde
1069 3091 1107 3158 A,
1150 3092 1152 3095 '

135 3166 211 3223 corr.
232 3168 380 3238 Quicberat
434 3171 486 3220 257
506 3164 648 3220 submersi
667 3164 695 3219 A
732 3164 900 3218 scrudantur
913 3162 941 3217 A
991 3165 1043 3216 258
1062 3159 1106 3213 Ad

142 3254 206 3292 cum
228 3238 337 3293 lasatus
360 3238 389 3292 A
442 3235 549 3291 nauide
571 3236 599 3291 A
689 3240 741 3289 259
765 3236 846 3289 scant
870 3233 901 3286 in
922 3232 1006 3286 libore
1023 3229 1052 3284 A

143 3315 195 3364 266
212 3311 332 3365 uenator
351 3325 380 3364 es
399 3309 428 3363 A
482 3313 533 3362 263
548 3323 603 3362 uno
618 3307 646 3362 A
681 3305 798 3376 piscem,
816 3323 845 3358 m
861 3320 949 3371 erasa,
967 3302 996 3356 A
1030 3299 1106 3354 falli·

141 3379 185 3436 dis
204 3397 273 3437 ceno
291 3382 320 3436 A
372 3385 431 3438 ⁴265
451 3378 564 3435 adsueti
581 3380 616 3434 H
649 3377 765 3460 Epilogi
782 3378 810 3432 A
830 3377 905 3444 (fort.
924 3381 1105 3453 transponte-

141 3453 207 3508 dum
229 3458 294 3523 poet
315 3470 344 3507 u.
363 3456 427 3519 246)
518 3456 569 3506 267
593 3449 697 3505 functus
720 3451 747 3503 A
775 3446 859 3502 factis
884 3446 996 3501 Iuretus
1022 3443 1105 3498 furbs

141 3523 240 3648 {aaran
276 3539 340 3578 mee
355 3522 479 3649 pald—{l
546 3526 598 3576 268
617 3537 742 3590 uersusq3
759 3519 788 3575 A
860 3522 912 3573 270
931 3514 1106 3585 Subplicium

242 3598 293 3651 271
312 3597 354 3649 tor
369 3609 416 3649 ore
817 3642 819 3647 .
