2646 3920
518 192 725 250 PRAEFATIO
1001 195 1107 252 XXVH

137 362 302 440 scriptores
320 362 497 439 posterioris
516 364 621 422 aetatis
640 369 674 423 ut
694 360 849 441 Vegetium
869 369 899 423 et
920 360 1104 424 Macrobium

138 449 249 510 talibus
271 449 368 510 titulis
391 452 480 511 etiam
503 452 534 510 in
558 449 643 512 libris
668 451 822 529 complura
844 458 913 530 post
935 453 1018 531 ipsos
1041 470 1104 512 sae·

138 539 205 605 cula
237 541 360 618 scriptis
392 540 545 619 insigniri,
577 539 634 600 hoc
666 541 756 600 etiam
788 541 924 601 firmatur
955 543 1104 602 sententia

137 645 212 688 mea.
249 626 364 689 Horum
382 629 462 689 enim
480 627 566 689 libris
584 646 654 689 cum
673 628 709 689 ab
729 630 793 708 ipsa
812 631 927 706 origine
948 638 1036 690 notae
1060 632 1104 691 iu·

136 719 266 796 scriptae
290 724 400 796 essent,
423 735 439 777 a
462 719 554 778 meris
572 716 702 777 librariis
720 717 976 799 propagahautnr3
999 718 1104 783 antho-

137 806 231 884 logiae
255 813 354 867 autem
378 805 630 867 concinnatoroh
649 813 883 868 contestantem
906 824 1012 868 causas
1034 806 1104 874 talia

138 896 268 956 retinere
300 897 407 974 potnit.
461 893 564 973 Neque
596 893 716 956 illorum
748 904 904 975 poetarum
938 900 1104 975 quisquam,

136 1002 213 1063 quos
237 983 289 1044 diu
312 990 380 1044 ante
403 985 512 1043 vixisse
536 990 662 1065 constat,
685 983 746 1045 ullo
768 987 800 1046 in
818 986 845 1045 A
863 992 988 1046 ornatur
1007 984 1103 1047 titulo.

136 1071 180 1134 ct.
205 1072 321 1151 ephem.
344 1090 475 1152 gymnas,
498 1074 599 1134 dustr.
624 1070 709 1136 1868
733 1092 762 1152 p.
775 1071 843 1137 484
853 1092 896 1153 sq.
941 1073 1104 1135 Nonnuilo·

138 1180 205 1222 rum
229 1172 328 1222 autem
353 1180 388 1221 ex
412 1161 460 1221 his
485 1180 559 1240 quos
582 1162 643 1223 dixi
667 1170 747 1223 aetas
775 1162 840 1224 aliis
868 1180 988 1242 quoque
1011 1162 1104 1223 rebus

138 1259 207 1311 nota
231 1257 286 1311 est.
331 1249 370 1311 Et
387 1251 544 1312 Luuarius
566 1251 688 1330 quidem
711 1250 767 1313 suh
786 1250 938 1330 Hilderige
962 1247 1003 1335 (c.
1022 1245 1103 1334 203)

138 1338 316 1417 Carthagine
344 1341 417 1400 vixit
446 1337 489 1416 [et
516 1347 619 1418 postea
643 1340 765 1401 alteram
789 1343 954 1401 carminum
979 1359 1103 1402 suorum

136 1427 312 1489 iuvenilium
332 1427 494 1488 editionem
516 1429 583 1489 lieri
605 1431 735 1508 curarit,
758 1431 809 1490 cui
831 1448 857 1489 c.
872 1426 1048 1491 287-289
1073 1437 1104 1490 et

137 1536 162 1578 c.
183 1514 245 1578 341
276 1524 307 1577 et
329 1514 395 1579 342
422 1516 549 1598 addidit,
579 1519 616 1578 ci.
641 1517 827 1578 Schubertus
855 1537 884 1597 p.
904 1514 960 1580 15:
996 1520 1027 1577 in
1055 1517 1103 1578 his

137 1608 217 1666 enim
241 1605 420 1666 Bonifatium
445 1604 587 1666 Gelimeri
617 1610 696 1685 regis
720 1606 799 1667 illius
822 1606 954 1668 crudelis
978 1603 1018 1688 (a.
1037 1602 1103 1667 530

140 1690 262 1774 -534)
289 1696 463 1755 ministrnm
494 1693 664 1774 Eutychum
692 1694 830 1774 vocabat]
860 1697 1000 1774 regisque
1032 1695 1103 1756 duci

136 1782 245 1862 Oageis
267 1791 336 1862 post
354 1783 461 1844 filiolae
480 1785 545 1845 eius
569 1793 696 1845 mortem
715 1804 741 1847 c.
761 1782 826 1847 345
845 1784 962 1865 obtulit,
985 1785 1022 1846 de
1043 1802 1102 1863 quo

136 1872 244 1951 Oageis
267 1873 305 1934 ci.
328 1872 453 1952 Procop.
478 1871 546 1934 bell.
568 1871 687 1935 Vandal.
710 1871 773 1955 19,
797 1876 848 1953 qui
870 1867 1027 1954 Εὐαγέην
1050 1891 1102 1934 uo·

136 1965 229 2022 minat
255 1961 399 2022 llilderici
427 1963 507 2041 regis
541 1957 682 2038 ἀνεψιόν
710 1958 813 2043 (quem
844 1981 915 2024 cave
943 1981 980 2022 ne
1008 1961 1102 2023 Mear-

136 2068 277 2111 mannum
301 2068 431 2130 sequeus
454 2050 620 2112 confundas
644 2070 713 2112 cum
731 2051 848 2130 Eugeto
867 2071 893 2113 c.
911 2044 1003 2136 332).
1043 2051 1101 2113 Lu·

135 2142 220 2200 xorio
248 2142 279 2200 iu
307 2139 426 2200 schedis
450 2139 681 2201 Divionensibus
704 2143 794 2201 etiam
817 2160 843 2202 c.
862 2137 905 2202 80
928 2149 960 2201 et
982 2137 1026 2202 90
1049 2141 1102 2200 tri·

136 2228 283 2308 luuntur,
311 2228 363 2288 sed
392 2247 426 2289 ea
455 2227 535 2289 nulla
559 2230 596 2290 de
619 2247 718 2290 causa.
762 2227 877 2289 Nomen
901 2230 966 2301 eius
990 2248 1015 2290 c.
1035 2225 1100 2290 203

135 2320 166 2377 io
189 2317 250 2377 BV
267 2318 401 2378 Luxurii
422 2316 540 2397 legitur,
564 2327 594 2378 et
618 2320 738 2378 omniuo
761 2316 834 2378 illud
859 2335 876 2379 o
899 2336 954 2397 pro
978 2337 998 2378 u
1022 2319 1101 2395 posi·

136 2414 201 2467 tum
223 2405 264 2466 nil
288 2407 346 2466 nisi
369 2405 540 2484 corruptela
563 2408 591 2466 ei
615 2424 685 2466 aevo
713 2408 834 2484 propria
857 2416 917 2487 est3
944 2407 972 2466 A
995 2404 1099 2467 saltem

135 2497 188 2574 qui
218 2494 395 2575 Luxorium,
428 2497 516 2554 etiam
549 2497 704 2556 luxoriam
733 2491 823 2575 [atu
842 2492 876 2573 4]
910 2496 1007 2574 ponit,
1040 2512 1099 2556 uon

135 2586 300 2644 luxuriam.
343 2582 402 2644 Sed
426 2583 508 2644 nolui
531 2582 568 2643 ab
591 2585 618 2644 A
642 2582 819 2662 desciscere,
842 2584 895 2662 qui
918 2585 1007 2644 etiam
1031 2601 1100 2645 oum

135 2671 221 2732 libris
240 2671 377 2732 omnihus
397 2673 608 2749 Sytnpltosium
627 2672 710 2746 dixit,
734 2690 823 2751 quiem
845 2671 1021 2751 elegantiori
1039 2691 1101 2757 ser·

135 2779 223 2820 mone
242 2759 390 2839 appellare
414 2759 519 2821 debuit
538 2760 735 2840 symposium.
775 2760 927 2837 [Ceterum
950 2760 1101 2823 Lutarius

135 2858 166 2910 et
189 2852 252 2927 ipse
276 2862 325 2909 res
348 2851 555 2927 grammaticas
574 2851 720 2929 tractavit,
743 2850 772 2910 id
793 2849 871 2928 quod
896 2850 1040 2911 discimus
1064 2869 1100 2911 ex

135 2938 238 2999 codice
257 2936 530 2999 Chelteohamiensi
547 2934 637 2999 4626
657 2957 734 3000 saec.
753 2937 808 2998 Xll
831 2934 883 3021 (cl.
907 2937 990 3018 ttius,
1013 2939 1100 3000 Jour-

134 3026 183 3088 nal
207 3027 241 3087 ot
259 3026 409 3106 philology
433 3025 496 3086 Vlll
517 3021 596 3110 120)
626 3045 684 3106 quo
709 3029 855 3107 scriptum
879 3035 926 3088 est
949 3024 1101 3090 ‘Litorius

135 3109 173 3200 (l.
203 3108 371 3199 Lonorius)
409 3118 440 3176 iu
483 3116 691 3193 Ortoaraplaia
728 3119 816 3191 dicit,
856 3119 937 3192 quad
972 3120 994 3178 d
1029 3125 1101 3178 aute

134 3224 236 3267 omues
258 3213 460 3266 consonantes
487 3208 603 3266 mutari
626 3211 726 3281 potest
749 3213 878 3281 praeter
904 3222 933 3264 m
961 3213 991 3266 et
1018 3224 1037 3280 q
1067 3212 1102 3266 ui

133 3297 266 3370 adquiro
298 3297 424 3355 admitto
457 3296 619 3354 admodum
638 3310 722 3374 sqq„
768 3302 798 3354 et
835 3294 966 3355 carmina
1004 3292 1040 3353 ah
1073 3294 1101 3353 A

135 3382 228 3444 aliena
252 3384 387 3462 scripsit,
415 3400 543 3461 quorum
567 3384 598 3443 in
622 3381 728 3443 eodem
751 3382 853 3444 codice
877 3381 909 3441 hi
930 3400 1037 3443 versus
1059 3382 1100 3443 le·

134 3481 258 3551 guntura

202 3561 356 3623 Lisara'us:
382 3561 536 3621 Caudaais
559 3562 710 3638 ethiopum
730 3563 831 3621 ditant
848 3563 956 3621 oraria
975 3579 1100 3638 paruos·
