2646 3920
480 827 812 920 ruderarie>

587 1029 694 1036 ——.

226 1278 338 1339 Novam
361 1277 554 1357 Antbologiae
578 1299 654 1359 quae
685 1280 796 1342 dicitur
818 1280 939 1343 Latinae
963 1284 1126 1344 editionem
1170 1313 1174 1319 ·

159 1370 211 1447 qui
234 1385 340 1447 parare
364 1368 509 1448 instituit,
537 1387 605 1430 eurn
628 1369 841 1449 hocprimum
864 1371 972 1432 docere
996 1382 1124 1453 oportet,

158 1476 232 1536 quas
256 1458 286 1517 in
307 1475 342 1517 eo
363 1475 453 1536 opere
471 1460 605 1518 rationes
624 1461 711 1538 sequi
730 1459 788 1520 sibi
806 1463 1006 1540 proposuerit.
1044 1460 1124 1532 Quas

157 1564 239 1607 meas
262 1547 394 1606 rationes
417 1547 457 1607 ita
485 1547 710 1629 demonstrabo,
739 1558 773 1609 ut
800 1551 930 1628 primum
959 1569 1035 1629 quae
1059 1569 1123 1611 car-

158 1637 237 1695 mina
261 1653 381 1714 quoque
404 1653 439 1695 ea
462 1635 567 1697 ordine
590 1637 622 1696 in
645 1637 846 1718 anthologiam
869 1639 1039 1719 recipienda
1064 1641 1125 1700 sint

157 1723 296 1784 indicem.
341 1722 452 1784 Notum
476 1727 554 1785 enim
579 1734 635 1807 est,
658 1744 733 1806 eam,
757 1730 782 1788 si
801 1736 893 1788 totam
911 1746 977 1788 rem
995 1737 1123 1809 spectes,

156 1811 237 1873 nulla
266 1814 458 1892 antiquorum
487 1817 664 1875 anctoritate
694 1818 751 1876 niti
778 1817 970 1896 Antbologiae
994 1817 1124 1878 Graecae

156 1903 252 1962 instar
279 1904 310 1962 in
339 1901 441 1962 codice
464 1901 596 1964 Palatino
621 1904 760 1983 traditae,
787 1907 839 1967 sed
868 1909 979 1967 nostris
1003 1906 1124 1967 demum

157 1990 285 2051 saeculis
318 2010 335 2050 e
367 1990 494 2052 diversis
526 1993 660 2055 lontibus
691 1994 773 2055 nullo
807 2002 890 2056 certo
918 1995 1023 2056 ordine
1052 1995 1123 2056 hinc

155 2078 237 2140 illinc
252 2078 486 2159 conglutinatam
501 2100 576 2143 esse.
613 2081 741 2165 Etenim,
760 2092 794 2144 ut
808 2086 930 2163 exiguas
946 2084 978 2145 G.
993 2084 1123 2145 Fabricii

156 2178 186 2228 et
219 2168 261 2230 Cl.
293 2168 393 2230 Bineti
430 2169 622 2232 collectiones
659 2180 787 2252 taceam,
825 2175 942 2253 primus
976 2175 1122 2250 Iosephus

82 2267 86 2271 “
155 2259 299 2334 Scaliper
335 2260 365 2318 in
403 2258 566 2338 appendice
599 2259 764 2338 Vergiliana
798 2271 933 2323 veterum
964 2273 1121 2342 poetarum

155 2341 325 2409 ‘catalecta
355 2343 526 2425 poematia’
558 2347 697 2427 Lugduni
732 2347 818 2413 1573
851 2344 992 2434 (repetita
1025 2350 1120 2429 Lugd.

154 2432 339 2518 eat.1595;
366 2429 466 2520 1617)
491 2436 597 2518 edidit3
628 2456 717 2516 quem
742 2439 904 2500 maioribus
928 2442 1022 2519 copiis
1046 2458 1120 2500 usus

155 2534 278 2587 secutus
310 2536 357 2586 est
390 2529 501 2588 Petrus
530 2529 674 2588 Pithoeus
711 2546 780 2588 cum
813 2523 1058 2604 ‘Epigrammata
1091 2537 1121 2590 et

151 2619 305 2693 poematia
333 2624 452 2691 uetera,
480 2634 610 2691 puerum
635 2620 785 2693 pleraque
811 2636 894 2679 nunc
918 2621 1052 2694 primum
1080 2636 1120 2679 ea

154 2708 288 2780 antiquis
312 2708 470 2766 codicibus
494 2713 523 2766 et
545 2708 711 2781 lapidibus,
741 2710 804 2767 alia
826 2711 959 2784 sparsim
987 2710 1119 2769 antebac

154 2798 305 2873 errantia,
329 2797 391 2855 iam
414 2797 617 2869 undecunque
640 2798 768 2856 collecta
791 2799 1002 2857 emendatiora
1025 2799 1119 2857 eduu-

154 2878 222 2944 tur'
249 2882 373 2944 Parisiis
406 2902 431 2943 a.
459 2879 547 2945 1590
578 2882 692 2962 publici
726 2886 802 2945 iuris
834 2885 958 2964 iaceret,
990 2887 1118 2966 repetita

153 2970 293 3051 Lugduni
308 2969 408 3053 1596;
427 2971 562 3032 Genevae
579 2968 675 3034 1619.
712 2971 771 3034 Sed
791 2983 917 3053 uterque
937 2993 1027 3053 opera
1046 2976 1119 3034 satis

152 3061 356 3143 tumultuaria,
379 3061 408 3121 id
433 3060 512 3140 quod
536 3071 566 3121 et
584 3063 643 3141 ipsi
661 3080 731 3121 etim
749 3066 893 3142 temporis
913 3066 1118 3142 angustiarum

153 3151 345 3211 excusatione
378 3151 575 3232 confitentur,
608 3168 676 3211 cum
710 3153 829 3230 egregie
862 3151 953 3212 molta
986 3160 1119 3230 agerent,

225 3344 250 3404 1)
271 3338 494 3411 [Praefationem
512 3355 585 3409 quoe
604 3342 648 3421 est
659 3338 696 3422 ,in
715 3339 839 3394 editione
857 3339 951 3409 priore
968 3338 1117 3421 italienuo

152 3408 494 3493 imprimendemncuravi,
512 3414 545 3466 ut
562 3410 593 3465 in
610 3428 681 3481 1ps1s
695 3410 790 3466 verbis
804 3411 1117 3547 quaedlgltpreilplcnsslppe-

78 3556 80 3560 ·
151 3479 399 3625 littttttdt}
411 3482 882 3626 itttrbtdtttttlm
999 3525 1006 3538 ·

916 3644 954 3696 a*
