2672 3924
444 168 582 226 conteis
601 169 805 227 BERNENSIS
821 177 881 228 611,
1080 172 1145 236 359

532 344 574 398 25
597 344 645 398 De
668 343 790 400 litteris

131 457 180 506 145
226 443 384 505 Nescimus
406 443 574 504 oibentibus
598 443 671 504 loeis
696 444 748 505 sed
773 446 873 522 nigrae
898 463 1025 506 sorores.

226 533 301 595 Tres
324 537 408 594 unito
432 532 521 593 simul
545 551 599 592 nos
624 542 726 593 creent
748 535 811 594 ictu
835 542 983 613 parentes.

226 622 397 683 Multimode
422 621 508 682 nobis
532 623 622 682 iacies
647 630 677 682 et
700 624 820 683 nomino
843 622 944 702 muita,

226 712 424 789 Meritumque
448 711 558 791 dispar,
581 729 637 772 vox
660 720 691 771 et
714 711 830 771 diversa
854 712 987 772 sonandi.

225 801 392 879 Numquam
416 803 482 860 sine
506 809 607 861 nostra
631 818 686 860 nos
710 799 796 860 domo
820 800 934 861 detinet
957 799 1036 861 ullus

226 889 287 951 Neo
311 908 370 950 uno
394 907 570 968 responsum
595 888 644 949 dat
668 891 732 949 sine
756 892 821 969 pari
844 890 970 968 roganti.

542 1038 585 1092 26
607 1038 655 1092 De
678 1036 786 1106 sinapi

225 1137 272 1198 Me
296 1140 321 1198 si
345 1139 409 1198 visu
435 1156 568 1220 quaeras,
593 1138 686 1199 multo
710 1157 776 1199 sum
800 1137 920 1218 parvolo
943 1135 1091 1219 'sparvus

227 1226 285 1287 Sed
310 1245 396 1287 nemo
422 1229 566 1288 maiorum
591 1229 699 1287 mentis
723 1230 830 1288 astutia
854 1230 954 1288 vineit.

226 1316 299 1377 Cum
323 1317 405 1377 feror
428 1316 549 1378 sublimi
572 1319 705 1395 parentis
729 1335 832 1377 umero
856 1327 969 1398 vectus,

226 1405 397 1484 simplicem
420 1407 517 1485 ignari
541 1423 587 1465 me
610 1414 717 1483 putent
741 1424 806 1465 esse
831 1414 944 1466 nature.

225 1494 355 1555 Verbere
379 1503 537 1573 correptus
561 1512 648 1573 saepe
673 1497 698 1554 si
722 1496 786 1571 giro
813 1494 929 1574 fatigor,

226 1583 365 1644 Protinus
390 1583 539 1643 occuitum
564 1582 697 1659 produco
722 1582 821 1643 cordis
845 1601 991 1661 saporem.

536 1731 577 1784 2¹7
599 1731 648 1785 De
672 1729 789 1799 papiro

224 1830 368 1892 Amnibus
392 1829 531 1906 delector,
556 1830 637 1891 molli
661 1831 717 1891 sub
742 1834 855 1911 cespite
879 1840 990 1913 creme,

224 1919 263 1981 Et
284 1920 429 2000 producta
453 1919 511 1979 levi
534 1931 620 1981 uatus
645 1920 781 1982 columne
806 1921 950 1983 virdeseo.

225 2008 364 2070 Vestibus
388 2007 444 2069 sub
468 2011 542 2069 meis
566 2028 682 2088 nequeo
706 2028 830 2071 eernere
855 2010 956 2091 sotem,

224 2098 327 2159 Alieno
351 2106 450 2159 tectus
474 2116 595 2176 possum
620 2098 786 2176 producere
809 2098 919 2180 lumen,

224 2186 317 2248 Filios
340 2186 490 2268 profundi,
515 2186 585 2247 dum
608 2188 647 2246 fio
671 2186 747 2248 lueis
770 2190 893 2249 amicus.

225 2276 274 2337 Sic
298 2277 350 2355 qui
373 2277 462 2336 vitem
486 2275 567 2336 dedit
590 2285 685 2336 meter
709 2286 738 2337 et
761 2276 872 2337 lumino
896 2277 981 2339 tollit.

534 2425 577 2479 28
599 2425 648 2479 De
672 2424 780 2480 serioo

223 2505 320 2567 Arbor
343 2525 401 2568 une
426 2507 507 2587 mihi,
531 2526 606 2587 quae
630 2507 718 2568 vilem
742 2508 876 2568 conferet
900 2526 1008 2589 eseam,

224 2594 286 2666 Qua
311 2596 423 2675 repleta
448 2615 556 2675 parvus
580 2597 712 2676 produco
736 2596 844 2658 vellera
869 2615 982 2677 magne,

251 2736 302 2785 146
320 2730 394 2786 uniti
417 2732 445 2787 V
489 2749 541 2786 nos
561 2748 611 2787 om.
632 2733 659 2785 V
705 2731 762 2786 icto
782 2733 809 2786 Β
895 2736 947 2786 141
966 2732 1002 2788 N.
1021 2732 1040 2786 f.
1060 2732 1141 2788 mult.

183 2857 210 2910 V
279 2861 330 2910 148
348 2856 386 2909 nt
404 2856 536 2910 meritum
556 2856 582 2909 V
617 2874 637 2911 s.
658 2856 684 2910 d.
705 2856 732 2911 V
809 2861 860 2909 149
878 2822 990 2926 eden
1029 2857 1143 2911 detenet

177 2928 205 2980 B
267 2925 309 2980 De
329 2926 421 2996 sinapi
439 2945 489 2983 ont.
510 2929 536 2982 L
600 2932 650 2980 151
670 2943 775 2996 perpus
800 2928 827 2981 V
882 2931 933 2980 152
954 2927 1064 2982 astucia
1079 2930 1106 2982 Β

178 3003 229 3052 153
250 2996 366 3052 sublimi
384 2999 448 3067 LV,
472 3016 522 3054 om.
542 2999 570 3052 Β
615 2998 730 3052 humero
749 2999 809 3052 LV
889 3004 941 3052 154
959 3015 1080 3069 magnae
1099 3016 1142 3053 re·

176 3071 280 3139 putent
298 3085 343 3122 me
362 3085 385 3124 e.
404 3073 524 3123 naturae
539 3071 566 3123 V
619 3075 669 3123 155
688 3086 757 3138 gyro
772 3073 806 3140 (i)
825 3071 852 3124 V
905 3075 955 3123 157
974 3070 1007 3127 Ι),
1023 3087 1096 3126 amn.
1119 3071 1147 3125 V

177 3140 278 3211 cispite
295 3140 324 3194 Β
379 3146 431 3195 158
449 3140 512 3195 leue
530 3141 559 3195 Β
595 3140 719 3195 uirdiseo
737 3141 766 3195 Β
784 3139 892 3195 uireseo
911 3141 971 3195 LV
1025 3147 1076 3196 159
1094 3158 1143 3196 ne-

177 3229 249 3281 queo
263 3213 292 3267 B
310 3228 367 3265 non
386 3228 457 3280 queo
472 3212 499 3264 L
517 3228 574 3265 non
588 3228 693 3280 quaero
713 3214 740 3266 V
772 3211 878 3266 eernire
892 3213 920 3266 Β
970 3218 1022 3267 166
1040 3211 1142 3267 Alieno

178 3285 244 3339 tibet
290 3285 383 3338 tectus
401 3284 429 3337 B
447 3282 530 3338 testis
548 3283 606 3336 LV
655 3282 803 3352 produeire
821 3285 848 3336 Β
935 3290 985 3338 161
1006 3283 1095 3339 Filius
1115 3285 1142 3337 L

176 3354 262 3409 Filios
281 3356 309 3409 B
344 3354 481 3409 Profundi
498 3354 573 3408 filius
594 3355 620 3409 V
651 3355 703 3408 fior
722 3357 750 3410 Β
768 3355 805 3409 fio
820 3356 847 3408 L
864 3354 936 3423 figor
954 3356 982 3410 V
1030 3355 1142 3410 162810

176 3443 231 3493 que
255 3427 282 3480 V
314 3428 396 3495 poter
413 3426 474 3498 ipse
493 3426 543 3481 Ha
561 3444 595 3481 eu
630 3425 730 3480 limina
754 3427 781 3480 V
852 3432 993 3482 163-168
1012 3428 1106 3483 om.B

176 3495 217 3550 De
237 3496 327 3565 syrico
347 3498 373 3552 L
452 3502 502 3552 163
552 3515 604 3553 ,0.
623 3515 649 3552 u.
671 3499 697 3552 V
744 3496 830 3551 uiiem
849 3498 899 3567 qui
917 3498 1043 3554 conferet
1061 3500 1088 3553 L

178 3571 229 3620 164
246 3568 342 3636 parnis
366 3570 392 3622 V
425 3588 451 3625 u.
472 3587 569 3642 nupt.
588 3570 615 3622 L
