2646 3920
533 170 739 228 PRAEFATIO
1026 173 1118 229 XXIX

152 340 311 421 probatur,
339 338 443 400 Getam
466 341 525 400 iam
549 359 609 400 non
631 340 725 401 multo
749 351 817 402 ante
840 339 1017 403 Tertulliani
1040 350 1117 405 aeta·

152 441 214 490 tem
236 431 355 490 vixisse.
392 430 565 491 Mauortius
588 440 687 491 autem
708 428 836 490 duorum
859 438 1019 492 centonum
1044 434 1116 492 scri·

152 526 221 597 ptor
244 512 286 602 (c.
308 513 435 601 10.16)
458 527 561 579 utrum
584 518 662 579 idem
686 521 726 580 sit
746 529 836 598 atque
854 517 971 581 Vettius
989 520 1117 600 ligorius

151 607 280 668 Basilius
307 606 483 687 Mavortius,
513 625 539 668 a.
564 605 627 670 627
658 606 777 687 consul,
808 606 923 668 Horatii
951 612 1117 671 carminum

152 696 335 776 emendator,
353 697 420 757 iure
440 695 572 757 dubites:
590 696 663 757 mibi
684 696 804 775 quidem
819 706 973 775 poetarum
989 696 1117 759 Luxorio

152 784 320 866 aequalium
345 784 419 845 nulli
446 787 505 845 nisi
527 784 659 846 Africani
686 788 717 845 in
745 784 885 864 syllogam
914 789 1028 864 recepti
1051 805 1118 848 esse

152 875 299 936 videntur.
338 872 451 951 [Quare
469 876 590 935 Auitum
609 893 634 935 c.
654 872 696 935 29
716 873 785 935 nolo
809 892 878 935 cum
896 873 1022 953 Peipero
1042 894 1117 937 mus.

150 964 235 1024 rhen.
258 961 354 1022 xxxi
380 960 444 1024 194
475 973 581 1041 putare
614 961 759 1024 Alcimum
793 964 911 1024 Avitum
943 965 1119 1043 episcopum

150 1051 359 1131 Viennensem,
383 1054 434 1130 qui
458 1070 483 1113 a.
502 1049 567 1113 523
592 1061 729 1114 mortuus
752 1062 812 1130 est,
836 1070 1014 1131 quamquam
1037 1055 1064 1115 is
1087 1057 1118 1114 in

152 1141 275 1220 prologo
294 1140 363 1201 libri
383 1141 419 1201 de
438 1143 522 1202 initio
537 1141 640 1202 mundi
655 1138 756 1223 (duct.
771 1143 926 1220 antiquiss.
941 1140 978 1201 vt
992 1140 1023 1221 2,
1038 1138 1118 1222 201)

151 1230 225 1290 haec
249 1229 336 1291 dicit:
361 1225 471 1290 ‘recolo
496 1230 634 1309 equidem
653 1229 794 1291 nonnulla
814 1248 861 1290 me
885 1248 974 1291 versu
998 1230 1118 1309 dixisse,

151 1318 225 1379 adeo
249 1326 283 1379 ut
306 1321 332 1378 si
356 1318 575 1396 ordinarentur,
598 1337 657 1379 non
681 1321 804 1380 minimo
834 1318 983 1379 volumine
1012 1322 1119 1400 stringi

151 1411 285 1487 potuerit
312 1412 553 1484 epigrammaton
585 1404 765 1468 multitudo'.
791 1440 829 1450 -
861 1409 995 1470 Alcimus
1019 1416 1118 1470 antem

151 1496 217 1575 ille,
240 1497 276 1557 de
301 1515 360 1575 quo
384 1497 446 1557 dixi
469 1496 535 1557 adn.
559 1496 595 1557 ad
619 1515 644 1557 c.
663 1494 742 1579 233,
771 1503 817 1557 est
839 1495 964 1557 Latinus
986 1497 1119 1558 Alcimus

151 1584 288 1646 Alethins
311 1585 428 1666 rhetor,
456 1603 546 1664 quem
568 1587 718 1646 Ausonius
750 1584 880 1664 aequalis
904 1588 969 1646 eius
993 1582 1118 1665 ‘palmae

151 1674 280 1734 lorensis
312 1682 343 1734 et
375 1673 571 1735 Camenarum
605 1668 714 1735 decus'
748 1672 876 1754 appellat
904 1667 994 1755 (prol.
1019 1673 1053 1757 2,
1072 1672 1119 1757 ὃ).

151 1763 190 1823 cl.
212 1781 287 1842 quae
308 1763 368 1824 dixi
388 1764 419 1822 in
438 1763 553 1842 epham.
572 1781 703 1842 gymnas.
717 1763 817 1824 ilustr.
834 1760 919 1825 1861
934 1783 963 1843 p.
978 1761 1043 1826 398
1055 1782 1120 1844 sqq.

152 1863 183 1913 et
206 1870 231 1913 c.
250 1850 316 1915 233
341 1852 415 1932 adm,
440 1871 465 1912 c.
487 1849 672 1933 tta-715,
697 1849 783 1928 tto]

221 1940 416 2020 superiorum
440 1950 539 2002 autem
558 1949 714 2020 poetarum
735 1949 855 2021 recepta
875 1944 995 2003 suntin
1015 1943 1118 2003 antho-

152 2030 260 2108 logiam
281 2030 459 2106 Vergiliana
478 2026 679 2113 (266-263,
705 2032 831 2091 sortasse
851 2038 990 2110 exparte
1009 2035 1120 2114 spuria,

152 2122 232 2179 inter
256 2137 331 2198 quae
351 2118 448 2179 uvtdtt
472 2128 518 2180 est
536 2115 617 2200 262)
638 2119 746 2198 quibus
768 2117 829 2181 161
854 2128 901 2180 est
923 2121 1119 2182 adnumeran-

152 2208 224 2268 dum
257 2200 309 2291 (cl.
337 2207 378 2268 ibi
406 2202 501 2290 adn),
534 2218 564 2268 et
592 2210 828 2286 Propertianam
856 2206 931 2270 264.
985 2208 1119 2279 Quorum
1211 2216 1212 2219 ’

152 2298 320 2358 carminum
349 2306 490 2376 quattuor
518 2299 549 2357 in
572 2295 694 2376 Vergilii
723 2300 779 2357 vita
808 2315 824 2356 a
847 2296 962 2357 Donato
986 2317 1022 2358 ex
1047 2297 1119 2361 Sue·

152 2388 235 2445 tonio
250 2385 400 2464 descripta
415 2388 516 2446 eiusve
535 2386 699 2463 appendice
718 2385 859 2463 leguntur
878 2395 909 2446 et
923 2385 1001 2464 apud
1021 2389 1119 2465 ipsum

154 2474 331 2535 Suetonium
365 2476 492 2535 fortasse
525 2476 623 2535 omnia
651 2473 834 2553 legebantur.
890 2475 1041 2536 ovidiana
1074 2494 1120 2537 re·

153 2572 239 2642 cepta
267 2573 339 2647 sunt
366 2563 426 2624 duo
454 2582 479 2624 c.
498 2560 563 2625 269
594 2571 624 2623 et
654 2557 696 2645 (v.
725 2556 829 2644 supra)
858 2559 932 2624 262.
983 2565 1122 2626 Petronii

152 2660 200 2713 est
223 2671 248 2713 c.
268 2648 343 2732 218,
366 2651 435 2713 libri
458 2661 557 2713 tamen
576 2650 733 2732 Binetiani,
757 2670 817 2711 non
839 2651 1012 2713 Salmasiani
1036 2656 1120 2714 testi-

152 2743 262 2801 monio.
307 2741 351 2801 nd
375 2742 553 2803 Martialem
580 2749 717 2819 spectant
743 2760 768 2802 c.
791 2738 847 2816 26,
871 2738 950 2824 216,
975 2740 1054 2824 216;
1084 2744 1119 2805 ad

154 2831 302 2891 Senecam
331 2850 355 2890 c.
380 2828 460 2910 232,
485 2828 564 2910 236,
588 2827 662 2891 237.
714 2829 765 2909 [cl.
795 2830 862 2891 adn.
890 2831 925 2891 ad
950 2850 975 2892 o.
994 2829 1060 2894 396
1091 2842 1121 2894 et

154 2937 230 2997 quae
254 2919 316 2979 dixi
333 2938 361 2998 p.
376 2918 478 2998 Xqu.
498 2928 528 2980 et
547 2938 613 2980 ann.
633 2919 733 2997 philol.
754 2917 840 2981 1869
859 2938 887 2998 p.
903 2918 967 2983 279
979 2920 1057 3000 sqq]
1080 2954 1118 2964 -

152 3010 242 3068 Flort'
271 3010 482 3086 epigrammata
515 3004 555 3091 (c.
580 3005 784 3089 246-262),
819 3027 907 3087 quem
935 3009 967 3070 P.
991 3011 1121 3072 Annium

153 3094 275 3157 Florum
298 3095 441 3157 Hadriani
464 3095 617 3176 aequalem
642 3096 734 3158 luisse
757 3096 910 3177 probabile
934 3106 988 3179 est,
1012 3102 1120 3179 partim

153 3184 281 3246 disticha
309 3188 417 3264 partim
441 3186 629 3266 tetrasticha,
658 3189 835 3265 septenariis
859 3187 1018 3247 trochaicis
1042 3206 1120 3249 com-

154 3276 252 3351 posita
276 3283 355 3354 sunt,
379 3274 457 3353 quod
482 3293 622 3336 versuum
647 3293 742 3352 genus
761 3293 797 3335 ex
816 3283 1003 3335 vetustorum
1022 3285 1120 3354 poeta·

154 3380 222 3422 rum
253 3364 417 3423 imitatione
451 3381 556 3424 rursus
584 3371 657 3425 tunc
686 3366 765 3425 inter
792 3364 941 3423 Romanos
971 3364 1121 3427 increbuit

155 3444 208 3533 (cl.
232 3470 258 3513 c.
277 3445 367 3537 200).
404 3453 441 3513 cl.
466 3455 555 3514 etiam
578 3471 603 3514 c.
624 3450 675 3514 81.
694 3486 738 3496 -
760 3451 954 3513 Constantino
978 3461 1121 3533 regnante

155 3541 308 3614 Porfirt'as
345 3543 529 3620 argutiarum
561 3543 592 3602 in
626 3542 760 3604 versibus
793 3541 956 3620 pangendis
991 3552 1120 3605 sectator
