2672 3924
200 198 267 262 354
566 193 787 249 armenam

240 364 320 424 Milia
343 372 511 443 prosterno,
535 380 624 423 manu
648 361 719 421 dnm
742 359 868 421 verbero
892 357 1015 420 nullum.

242 452 337 513 Vitam
362 451 437 513 dabo
461 454 588 532 cunctis,
611 453 700 510 vitam
724 451 751 509 si
773 448 871 509 tulero
895 449 1004 509 multis.

243 541 349 602 Satura
374 559 440 601 nam
465 543 586 619 victum,
608 542 708 618 ignem
731 540 830 599 ieiuna
854 538 987 617 produco

241 630 279 691 Et
302 649 362 691 nno
388 638 525 709 vagantes
549 647 672 709 possum
695 626 940 707 conprehendere
963 626 1037 686 loco.

568 833 609 886 10
632 831 681 884 De
705 828 796 885 55515

244 932 366 1010 Singula
390 935 416 993 si
439 935 540 992 vivens
563 933 659 992 tirmis
682 933 845 991 constitero
868 928 986 1008 plantis,

241 1020 325 1082 Viam
348 1039 395 1081 me
420 1024 537 1096 roganti
560 1020 704 1081 directam
727 1022 771 1079 ire
795 1018 918 1098 negabo.

242 1110 364 1170 Gemina
388 1110 439 1170 sed
464 1128 550 1170 soror
574 1128 640 1169 meo
665 1127 696 1168 se
721 1108 812 1168 latere
835 1110 952 1185 iungat:

240 1198 384 1278 Coeptum
410 1199 485 1259 valet
509 1201 567 1258 iter
591 1196 675 1258 velox
697 1214 877 1275 percurrere
901 1197 1045 1274 quisquis.

241 1287 346 1348 Subito
371 1287 443 1348 mihi
466 1286 573 1367 pedem
596 1289 655 1347 nisi
678 1286 835 1346 calcaverit
857 1285 915 1365 ille,

240 1376 385 1457 Manibus,
410 1395 484 1457 quae
509 1378 600 1456 cupit,
624 1393 786 1453 numquam
810 1375 984 1452 contingere
1007 1372 1092 1433 valet.

568 1580 602 1633 11
625 1579 674 1632 Do
697 1590 784 1633 neve

241 1678 357 1739 Mortua
381 1681 523 1739 maiorem
547 1697 635 1757 quam
661 1681 760 1738 vivens
783 1687 870 1757 porto
894 1675 1034 1736 laborem.

240 1768 315 1828 Dum
340 1771 430 1849 iaceo,
454 1767 564 1828 multos
588 1786 687 1848 servo;
712 1769 738 1828 si
762 1774 882 1845 stetero,
906 1783 1025 1845 paucos.

239 1855 359 1917 Viscera
384 1859 410 1916 si
433 1857 506 1917 mihi
529 1857 603 1916 foris
627 1856 759 1916 detracta
782 1862 946 1934 patescant,

240 1944 336 2006 Vitam
360 1946 423 2005 lero
448 1949 565 2006 cunctis
588 1947 759 2023 victumque
783 1945 904 2004 conlero
928 1942 1038 2003 multis.

240 2030 368 2112 †Bestia
393 2034 563 2095 defunctam
588 2037 709 2112 avisque
734 2033 813 2094 nulla
837 2052 884 2092 me
908 2031 1033 2111 mordet,

241 2123 279 2184 Et
302 2135 409 2184 onusta
433 2142 559 2184 currens
582 2125 658 2183 viam
683 2142 738 2183 nec
762 2122 860 2202 planta
885 2121 1020 2199 depingo.

555 2309 593 2361 12
616 2308 665 2361 Do
688 2319 793 2374 grano

240 2407 366 2469 Mortem
390 2426 444 2486 ego
468 2416 553 2486 pater
576 2408 671 2468 libens
695 2408 818 2467 adsumo
844 2424 897 2485 pro
923 2407 998 2465 natis

239 2495 278 2557 Et
303 2505 447 2557 tormenta
472 2496 570 2578 simul,
594 2514 660 2557 cara
686 2515 722 2556 ne
746 2498 871 2574 pignora
894 2495 1020 2555 tristem.

239 2584 391 2647 Mortuum
416 2604 463 2645 me
488 2587 589 2646 cuncti
611 2585 740 2663 gaudent
764 2584 874 2644 habere
898 2591 1036 2661 parentes

267 2744 300 2792 52
320 2746 383 2793 onte
402 2743 434 2794 51
455 2738 590 2809 Η5555555
676 2737 807 2792 53111555
825 2738 861 2804 L,
883 2737 971 2792 recte?
1020 2735 1160 2804 producor

199 2809 226 2863 V
296 2814 330 2863 54
349 2811 484 2863 necantes
503 2811 564 2863 BV
586 2811 720 2863 conantes
739 2810 766 2862 L
772 2833 782 2876 ;
805 2827 873 2864 corr.
899 2807 1000 2878 Hagen
1058 2808 1099 2861 st'c
1116 2806 1159 2872 L,·

193 2881 432 2950 conpraehendire
446 2882 474 2933 B
493 2880 692 2949 comprendere
710 2881 734 2932 V
767 2880 861 2934 locum
876 2881 942 2935 tiore·
988 2882 1158 2932 55-60515.

193 2953 221 3004 B
294 2957 328 3005 55
348 2950 472 3019 Singulis
492 2953 519 3005 L
555 2951 580 3004 si
597 2952 616 3005 f.
636 2969 663 3006 n.
683 2950 823 3005 constituo
847 2951 874 3005 V
944 2954 978 3004 56
996 2950 1112 3018 rogante
1132 2948 1160 3002 L

193 3023 239 3077 Me
259 3041 280 3078 r.
300 3041 326 3079 n.
346 3022 431 3076 iren.
452 3023 477 3079 d.
498 3024 525 3077 V
583 3028 616 3075 57
636 3039 665 3075 55
684 3023 783 3092 scripsi
802 3021 826 3076 si
844 3022 871 3076 L
907 3021 1008 3090 iungat
1026 3020 1051 3074 si
1069 3020 1159 3074 155515

193 3110 255 3148 11155
273 3095 300 3148 V
361 3099 394 3147 59
413 3095 514 3163 pedem
532 3093 603 3146 mihi
622 3094 649 3147 L
684 3093 728 3147 illi
752 3094 778 3148 V
840 3097 874 3147 60
893 3093 1030 3163 corrigere
1050 3090 1160 3145 nalebit

199 3165 226 3220 V
278 3170 310 3218 11
331 3163 373 3218 De
391 3164 459 3218 naui
477 3166 504 3218 L
559 3170 591 3218 61
612 3165 711 3218 niuens
731 3182 816 3233 quam
829 3165 890 3219 BL
944 3170 978 3217 62
996 3161 1126 3217 iaciorV

195 3240 227 3289 63
246 3236 391 3304 patiacant
408 3237 437 3289 B
497 3241 531 3289 65
545 3239 585 3291 sle
603 3237 629 3289 L
648 3238 715 3305 (nisi
733 3238 805 3306 qnod
825 3236 859 3289 de
879 3235 986 3289 cunetis
1004 3241 1030 3290 et
1042 3231 1158 3305 mordit)

194 3306 299 3360 Bestea
317 3305 450 3361 defuncta
469 3324 541 3375 qnae
560 3306 639 3360 nulla
657 3306 807 3360 memordit
821 3308 849 3361 B
866 3307 898 3361 B.
918 3305 1082 3360 defunctam
1096 3305 1158 3360 anis

193 3393 246 3430 nec
265 3377 406 3431 mordebit
424 3377 483 3431 ulla
506 3379 533 3433 V
609 3384 642 3432 66
661 3378 709 3431 nia
728 3394 841 3431 currens
865 3378 891 3432 V
968 3383 1000 3432 61
1019 3376 1058 3431 Μ.
1077 3379 1159 3447 pater

195 3462 248 3515 ego
266 3445 284 3501 l.
304 3465 377 3516 pn.
397 3465 509 3502 assumo
534 3450 561 3503 V
639 3454 672 3503 68
691 3449 728 3503 Et
746 3452 822 3502 teror
845 3465 911 3503 5515
930 3448 1014 3502 simul
1037 3449 1064 3503 V
1106 3464 1158 3503 nec

193 3534 220 3584 p.
240 3516 397 3642 5ᾐ115551ῑ1751]
433 3520 548 3573 tristent
566 3521 633 3589 BV,
651 3538 720 3576 5555,
740 3520 841 3590 Hopevo
919 3526 952 3574 69
972 3538 999 3589 g.
1019 3537 1041 3575 c.
1061 3521 1087 3576 h.
1107 3535 1157 3590 pa·

193 3602 244 3641 ren
258 3603 303 3640 em
