2654 3926
455 193 593 250 coulois
613 194 840 252 SALMASIANI.
1065 196 1132 261 209

169 362 234 423 Non
258 362 383 424 Charisi:
408 370 484 423 tutas
507 363 564 421 arti
589 360 778 422 mandaverat
801 364 870 423 iras.

95 464 150 515 170
170 451 292 512 Vincula
316 458 389 512 tune
412 449 548 511 manibus
572 468 717 529 suspenso
742 450 956 513 molliterictu

169 539 275 619 lnligat
298 550 328 601 et
351 543 464 601 teneris
488 541 618 600 conectit
640 538 760 599 brachia
784 539 898 618 palmis.

169 629 330 690 Excutitur
353 647 457 689 somno
480 627 597 688 Mavors
620 636 651 688 et
674 628 777 707 pulcra
801 628 936 707 Cythere.

169 718 277 779 Posset
299 717 444 778 Gradivus
468 716 580 777 validos
605 716 792 797 disrumpere
816 736 920 799 nexus,

171 807 229 867 Sed
254 806 401 868 retinebat
423 824 515 887 amor,
538 803 663 867 Veneris
686 825 724 866 ne
746 805 867 866 brachia
891 806 995 867 laedat.

97 908 150 959 115
170 896 255 957 Tunc
278 907 311 957 tn
336 895 391 956 sub
415 895 506 976 galea,
530 904 602 956 tunc
625 897 704 955 inter
727 894 784 956 tela
808 895 929 976 latebas,

170 985 263 1047 Saeve
286 984 410 1065 Cupido,
434 986 550 1045 timens.
593 992 652 1045 stat
674 983 790 1045 Mavors
812 984 925 1046 lumine
948 991 1033 1045 torro

169 1073 267 1153 Atque
290 1073 471 1154 indignatur,
495 1073 573 1153 quod
598 1075 638 1134 sit
661 1073 827 1153 deprensus
851 1074 976 1135 adulter.

169 1163 208 1223 At
231 1162 341 1241 Paphie
364 1181 506 1224 conversa
530 1162 611 1223 dolet
633 1180 692 1222 non
717 1163 842 1223 crimina
865 1163 944 1243 facti,
1078 1234 1081 1239 Δ

131 1325 134 1328 ,
172 1252 230 1313 Sed
255 1270 330 1332 quae
354 1253 393 1312 sit
416 1252 544 1313 vindicta
563 1251 634 1312 sibi·
671 1252 742 1313 dum
766 1251 882 1331 singula
906 1251 1027 1312 volvens

100 1352 153 1403 180
172 1340 295 1419 Cogitat,
319 1340 396 1401 hanc
419 1359 544 1420 poenam
568 1343 667 1421 sentit,
692 1343 718 1400 si
740 1339 878 1401 Phoebus
902 1349 1022 1401 amaret.

171 1429 292 1508 lamque
316 1429 399 1490 dolos
422 1448 588 1510 properans
611 1429 770 1491 decorabat
793 1431 905 1490 cornua
930 1432 1016 1509 taurI,

172 1518 349 1599 Passiphaae
373 1521 487 1580 crimen
509 1508 654 1597 miratique
677 1518 827 1596 cupidinis
849 1519 933 1578 lram.

620 1762 687 1829 254

1002 1942 1028 1981 n.
1044 1940 1188 1983 sanasse.

482 1887 633 1952 FLAVII
658 1886 823 1954 FELICIS

520 2012 585 2079 viri
608 2011 785 2079 clarissimi
1056 2048 1083 2089 Β.
1096 1993 1191 2091 {llll

177 2153 179 2158 ·
211 2107 400 2203 Postuletio
422 2146 561 2201 honoris
584 2149 669 2216 aput
690 2145 963 2202 Victorinienum
984 2146 1099 2201 virum

367 2235 549 2291 inlustrem
571 2238 606 2289 ei
627 2234 940 2304 primiscrinierium
1101 2244 1120 2285 x

483 2346 560 2401 Sunt
577 2360 685 2401 versus
699 2346 828 2400 XXXII

68 2453 208 2543 [XXII]
229 2460 339 2539 Aspera
364 2459 434 2520 dum
459 2467 617 2538 quaterent
639 2457 783 2520 humanas
806 2459 917 2538 praelia
942 2468 1056 2520 montes

271 2550 331 2609 Aut
354 2559 473 2628 raperet
497 2558 611 2609 vastum
636 2550 719 2627 nigra
742 2546 871 2627 procella
895 2548 1015 2629 fretum,

167 2733 169 2736 ⁴
245 2725 297 2774 168
316 2720 399 2775 curili
417 2721 445 2776 A
524 2725 576 2775 170
596 2736 747 2788 suspensus
761 2720 797 2788 A,
817 2736 885 2775 corr.
906 2720 947 2774 Α1
988 2717 1045 2772 icto
1064 2721 1092 2774 A

175 2797 225 2845 172
245 2791 331 2847 cidere
350 2793 380 2848 A
396 2811 415 2862 y
433 2811 493 2863 sup.
512 2810 563 2848 cer.
580 2791 621 2846 A1
640 2798 672 2846 ut
689 2792 801 2846 uidetur
874 2796 925 2843 173
944 2789 1054 2859 gradib3
1073 2792 1101 2846 A

168 2868 226 2928 ,174
244 2862 343 2918 ledani
360 2864 389 2919 A
461 2868 513 2918 175
531 2863 645 2918 ienebes
660 2861 698 2930 A,
716 2863 823 2918 carreni
895 2867 947 2915 176
966 2863 1025 2915 slat
1038 2862 1136 2918 Bucen.

174 2936 253 2988 stans
271 2934 300 2989 A
335 2936 419 2989 turbo
437 2935 466 2990 A
483 2934 565 2989 turbo
583 2934 626 2989 A¹
685 2938 736 2987 177
755 2933 827 3001 Adq3
846 2933 875 2988 A
930 2936 981 2987 178
1001 2933 1044 2987 Ad
1062 2933 1137 3004 pafie

174 3005 202 3059 A
238 3005 367 3060 confessa
383 3006 507 3078 Hipte'ue.
535 3005 831 3074 Iuterpuune'tZieleeu
876 3009 927 3059 179
942 3022 997 3078 qup
1015 3021 1050 3060 eu
1067 3004 1137 3074 quid

174 3076 202 3131 A
239 3075 295 3130 sini
313 3078 341 3132 A
383 3077 462 3147 dum]
482 3080 543 3131 ium
561 3078 766 3131 Bolssouude'us
837 3081 888 3130 180
906 3075 980 3129 hanc
999 3093 1045 3147 epo
1065 3082 1094 3130 et
1112 3075 1140 3129 A

174 3151 248 3217 pend
266 3148 294 3202 A
331 3148 423 3203 sancit
441 3149 582 3204 Baeiueus
631 3147 706 3215 foeb3
725 3147 753 3201 A
831 3153 881 3201 181
901 3145 966 3200 dolo
983 3162 1138 3219 prpparans

173 3219 212 3287 A,·
230 3236 298 3276 corr.
318 3220 501 3275 Beumouuue
517 3235 652 3287 reparans
671 3220 812 3274 Baehrens
903 3221 953 3271 182
973 3216 1082 3290 Pessifp
1102 3217 1139 3286 A,

175 3291 210 3358 cf.
230 3290 307 3347 Seru.
327 3291 447 3346 iuAeu.
470 3291 516 3344 VI
526 3295 560 3344 14

246 3378 313 3435 eae.
339 3379 443 3451 arani]
462 3365 523 3433 rin-
543 3379 572 3434 A
614 3377 714 3434 honora
732 3378 760 3433 A
801 3377 886 3432 niu.
905 3376 934 3430 A
976 3376 1086 3448 uersus]
1106 3378 1139 3431 nr

174 3450 203 3505 A
240 3450 311 3504 Sunt
327 3468 426 3505 uersus
443 3451 555 3520 XXXII,
573 3453 599 3505 le.
614 3469 635 3506 e.
654 3451 759 3521 epilopo
773 3452 818 3505 lu‘e
831 3450 966 3519 incoepieus
979 3456 1085 3504 eoueted
1104 3454 1139 3502 32

57 3570 61 3581 ‚
174 3522 346 3577 carminibus
364 3540 386 3578 0.
401 3527 542 3577 854-285
592 3522 669 3576 XXII
687 3524 720 3578 iu
736 3539 788 3593 nep.
808 3521 907 3577 addidi
993 3527 1090 3574 lcum
1110 3561 1139 3577 ..

175 3593 274 3659 gentes
293 3593 328 3647 L.
349 3595 502 3650 Muellerus

229 3690 323 3733 Anthou
336 3692 377 3734 let.
390 3694 409 3734 1.
947 3688 981 3737 14
