2672 3924
421 215 562 271 CODICIS
580 214 749 270 VOSSIANI
768 215 799 281 Q.
815 220 857 270 86.
1056 214 1121 280 333

203 382 333 444 Mundus
355 385 436 444 iussa
460 384 544 443 iacit:
567 382 660 443 solem
683 391 783 443 texere
807 383 941 463 sagittae,

248 471 385 534 Caicaiur
408 481 527 553 pontus,
551 471 675 532 fluctuat
698 470 775 532 altus
799 471 900 533 Athos.

604 681 670 745 443
1051 717 1077 756 B.
1090 716 1129 756 111
1143 717 1179 758 so.

341 800 391 854 De
413 796 541 853 divitiis
564 799 600 853 et
620 797 802 853 inhonesto
827 797 941 854 animo
1057 770 1177 864 13,²{'v⁹}‡j

204 915 290 987 Quod
314 925 366 976 tua
388 915 467 977 mille
492 916 598 976 domus
627 914 736 976 solidas
763 915 853 977 habet
881 917 937 977 alia
961 916 1123 998 columnas,

250 1005 336 1076 Quod
359 1013 409 1065 tua
433 1022 601 1065 marmoreo
625 1007 711 1065 ianua
735 1014 820 1084 posia
844 1008 928 1087 nitet,

204 1094 301 1155 Aurea
325 1094 405 1173 quod
429 1112 545 1155 summo
570 1091 727 1172 splendent
752 1091 900 1173 laquearia
925 1102 1012 1175 lesio,

248 1183 346 1244 linum
369 1192 471 1245 crusta
494 1185 569 1261 tegit
593 1182 672 1262 quod
695 1185 825 1262 pretiosa
850 1182 959 1266 locum,

124 1287 140 1334 s
203 1272 285 1333 Atria
310 1272 491 1352 quodcirca
516 1270 598 1332 dives
623 1268 726 1352 'stegit
748 1274 846 1332 omnia
870 1272 982 1334 caulius:

249 1360 312 1422 Hoc
335 1363 450 1422 animos
473 1358 551 1421 tollit
573 1379 690 1442 nempe,
713 1360 808 1442 beate,
833 1357 922 1422 tuos?

203 1449 335 1511 Aedibus
359 1453 484 1511 intotis
508 1468 640 1527 gemmae
664 1449 733 1510 iicet
757 1452 855 1509 omnia
879 1449 1026 1534 claudant,

249 1539 349 1619 Turpe
373 1549 428 1620 est,
451 1538 492 1599 nii
516 1538 636 1598 domino
659 1539 779 1618 turpius
803 1556 869 1598 essa
893 1557 956 1599 suo.

607 1747 673 1811 444
1051 1782 1077 1822 Β.
1090 1782 1130 1821 111
1145 1783 1177 1822 ss.

546 1841 595 1919 De
619 1865 742 1919 eodem
1058 1835 1179 1931 suuni&

319 1982 384 2042 Nou
408 1990 455 2043 est
478 1975 617 2065 (falleris)
641 1983 714 2044 haee
737 1982 831 2063 beata,
855 2001 914 2044 nou
939 1993 992 2064 est,

320 2070 414 2142 Quam
438 2089 490 2131 vos
514 2071 636 2132 creditis
660 2090 734 2153 esse,
757 2074 829 2153 vita3
853 2091 913 2133 non
937 2083 991 2154 est,

321 2161 482 2240 Fulgentes
504 2159 641 2221 manibus
665 2160 767 2221 videre
790 2178 922 2239 gemmas

322 2250 382 2310 Aut
404 2248 574 2310 testudineo
598 2250 695 2309 iacere
719 2249 795 2309 iaetu

323 2338 382 2398 dut
404 2337 503 2417 pluma
527 2337 606 2398 latus
629 2337 778 2398 abdidisse
801 2336 884 2398 mulii

321 2429 380 2487 Aut
404 2445 476 2487 auro
500 2425 603 2487 bibere
627 2435 657 2487 et
680 2425 790 2488 subare
814 2445 913 2508 cocco,
984 2498 987 2503 ¹

321 2514 445 2594 Regalss
469 2515 595 2595 dapibus
618 2533 741 2595 gravare
764 2533 882 2577 mensas

321 2603 367 2686 Et,
391 2604 536 2685 quidquid
560 2604 670 2685 Libyco
694 2612 814 2665 sedatur
836 2622 916 2686 arvo,

320 2693 386 2754 Non
411 2712 467 2754 una
492 2696 624 2774 positum
647 2704 750 2755 tenere
774 2693 861 2755 ceila:

233 2881 380 2938 sluctuas
401 2882 429 2937 V

232 2952 302 3009 448.
332 2951 441 3007 diuitiis
459 2954 559 3009 Burin.
588 2952 668 3007 uitiis
692 2954 720 3008 V
781 2958 796 3008 1
821 2956 853 3006 tu
876 2953 903 3007 V
941 2954 1038 3008 domos
1061 2954 1089 3010 V

160 3031 355 3080 umarmoraa
378 3024 406 3079 V
457 3025 646 3094 diuqueareu
665 3025 697 3092 V,
715 3042 784 3082 eone.
799 3043 833 3080 ni.
852 3042 902 3080 see.
956 3024 1085 3079 iloeum
1102 3025 1130 3078 V

162 3097 253 3152 solum
268 3096 403 3152 Heinsius
458 3095 565 3151 boitro
580 3095 660 3150 diues
679 3097 758 3150 tenet
771 3096 908 3152 Heinsius
961 3095 1126 3166 6nsmpha‚

160 3220 364 3270 somniasse,
387 3202 414 3257 V
446 3183 545 3270 ussisie
569 3204 596 3257 V
648 3201 819 3257 islandani
842 3204 869 3257 V
889 3203 1014 3257 condant
1027 3204 1125 3259 Burin.

161 3273 272 3328 alerent
293 3274 443 3342 Wakefield
463 3273 582 3328 laudeni
600 3275 700 3344 Peiper

235 3344 303 3400 444.
332 3346 500 3401 Pentadio
519 3347 619 3401 tribuit
636 3347 767 3401 Pithoeus
827 3351 841 3399 1
860 3345 959 3418 beuta]
978 3346 1045 3399 ueat
1068 3345 1095 3399 V

160 3415 288 3482 2Quam
311 3417 447 3471 Heinsius
472 3416 547 3482 Quas
570 3417 616 3473 uei
639 3416 714 3482 Quos
743 3418 770 3470 V
796 3414 877 3481 Quod
901 3417 1025 3487 Seaiiyer
1071 3432 1127 3471 uon

161 3489 206 3540 est
227 3505 263 3543 se.
288 3490 352 3543 uita
376 3489 456 3543 beata
536 3487 646 3544 4ieei0
664 3491 726 3542 toro
748 3488 774 3543 V
856 3487 932 3542 sse
949 3487 1091 3544 Baehrens

162 3613 179 3663 8
198 3559 329 3681 quidqui:
349 3612 367 3665 d
386 3615 450 3669 add.
469 3632 504 3669 m.
522 3600 572 3670 sie.
592 3613 620 3668 V
652 3611 746 3683 lybico
766 3615 874 3669 seieiur
892 3630 960 3668 auro
983 3614 1010 3670 V
