2672 3924
219 213 286 278 290
622 210 788 266 CARMINA

218 380 365 441 Marmora
389 378 581 459 resplendent
603 378 695 438 solida
719 396 850 458 conpage
874 379 990 460 decora,

219 469 400 549 Vnitumquc
424 470 501 528 nitet
523 467 615 528 decus
639 466 697 545 [et]
723 477 840 528 sartura
862 469 1005 547 magistri.
1221 485 1241 533 5

218 558 372 620 Murmure
396 559 553 618 raucisono
577 556 748 617 fornacibus
771 564 887 617 aestuat
910 558 1007 636 ardor,
1040 626 1042 630 ¹

217 648 252 708 ln
275 646 402 709 flammis
424 647 616 707 dominantur
639 664 742 727 aquae,
765 646 839 706 iurit
861 648 939 724 ignis
963 646 1095 708 anbelus.

217 736 283 798 Stat
306 745 389 798 tutus
413 736 510 796 lautor
533 733 626 795 mnito
650 735 852 795 circumdatus
875 737 944 813 igne

216 826 364 887 Innocuas
387 827 466 886 inter
489 824 621 884 dammas
646 817 795 905 (mirabile
819 817 926 907 dictu),

215 914 339 994 ignibus
363 922 396 975 ut
418 915 514 993 possit
536 913 670 973 fervores
694 915 812 973 vincere
837 912 921 994 solis;
1202 931 1240 979 lo

215 1004 287 1065 Inde
310 1006 386 1083 petit
409 1003 512 1063 latices
535 1001 650 1080 glaciali
673 1002 754 1061 fonte
777 1001 912 1079 ssuentis:

214 1093 291 1154 Hinc
316 1092 409 1172 calor,
437 1092 507 1152 inde
535 1093 618 1150 nives
641 1100 782 1169 reparant
810 1109 864 1169 per
888 1089 1020 1151 membra
1043 1089 1180 1152 salutem

214 1182 394 1243 Discurrunt
417 1180 571 1260 nymphae,
594 1182 724 1259 piscinas
747 1177 868 1239 flumina
892 1179 1018 1259 repient.

214 1271 313 1331 Vitrea
338 1273 487 1349 crispatur
510 1268 601 1328 labris
625 1267 823 1329 retinentibus
847 1268 934 1329 unda.

213 1360 292 1421 Haec
316 1359 412 1420 laudis
435 1367 626 1419 monumenta
650 1357 706 1433 tibi¹
728 1359 865 1434 natisque
889 1357 1061 1439 manebunt,
1200 1374 1238 1423 lo

213 1448 252 1511 Et
276 1448 429 1510 decorabit
452 1466 524 1508 avus
547 1446 644 1508 claros
667 1464 721 1525 per
745 1446 840 1506 soccia
864 1457 997 1526 nepotes.

213 1537 259 1599 Tu
283 1546 383 1599 tamen
407 1537 542 1598 excelsus
565 1554 620 1616 per
643 1545 778 1614 tempora
801 1534 886 1614 longa
911 1536 1029 1597 fruaris.

661 1781 725 1846 378

448 1904 637 1972 OALBVLI
659 1903 943 1971 GRAMMATICI

155 2084 183 2124 Β,
192 2086 208 2124 ι,
222 2084 249 2124 11
261 2095 283 2133 Ρ,
293 2085 340 2126 023,
564 2039 692 2095 Versus
713 2039 819 2096 fontis

153 2138 284 2232 bi'fi'caa.
545 2162 572 2220 A
595 2165 681 2236 parto
705 2161 836 2237 episcopi

209 2284 303 2345 Crede
327 2287 412 2364 prius
435 2286 566 2363 veniens,
590 2284 702 2345 Christi
725 2291 754 2344 te
779 2284 860 2343 ionte
884 2286 1014 2345 renasci:

253 2373 302 2434 Sic
326 2376 438 2453 poteris
462 2373 591 2434 mundus
613 2391 704 2452 regna
729 2372 829 2432 videro
853 2372 910 2433 dei.

207 2462 332 2523 Tinctus
355 2465 386 2523 in
411 2463 466 2522 boc
491 2480 575 2523 sacro
598 2471 725 2523 mortem
750 2479 809 2521 non
835 2464 943 2522 sentiet
966 2480 1122 2545 umquam3

252 2552 377 2632 Semper
401 2553 480 2612 enim
503 2553 584 2632 vivit,
608 2570 695 2631 quem
721 2549 812 2611 semei
835 2550 914 2610 unda
937 2549 1015 2611 iavit.

277 2722 515 2792 Aressplendcnt
537 2722 565 2777 A
616 2721 701 2776 solita
724 2723 765 2791 A,
788 2739 899 2778 coreo
990 2726 1079 2791 bque
1097 2721 1174 2777 nitet

204 2796 305 2862 scripsi
324 2793 414 2848 enitet
431 2795 533 2848 Zieherr
557 2795 665 2847 mentet
683 2793 710 2847 A
729 2793 850 2847 mentita
864 2794 1022 2849 Scriueriua
1058 2797 1087 2848 et
1105 2795 1171 2850 odd.

204 2866 307 2921 Zioben
343 2868 436 2919 sartor
450 2866 479 2918 A
497 2880 609 2918 sarama
626 2864 782 2920 Scriberirra
827 2867 961 2919 dextuat
978 2864 1006 2918 A
1052 2870 1127 2934 iaq3
1142 2866 1170 2921 A

205 2952 339 2990 amoenus
353 2939 382 2990 A
400 2935 519 2990 anhelus
532 2937 634 3006 scripsi
651 2937 686 3003 cf.
701 2953 723 2991 c.
739 2941 799 3002 270,
814 2940 830 2988 3
866 2935 934 3005 igne
953 2934 1080 2990 caminus
1095 2937 1175 2992 Scri·v

202 3009 298 3062 ocrim
371 3006 536 3061 astaturos
555 3009 592 3075 A,
610 3023 679 3062 corr.
697 3007 797 3061 Burro.
855 3007 975 3061 iduato
993 3007 1020 3061 A
1076 3013 1107 3060 11
1128 3008 1179 3060 la·-

202 3076 268 3132 ticis
287 3077 324 3147 A,
343 3094 411 3133 corr.
431 3078 471 3133 A¹
507 3077 620 3132 fluentis
639 3080 668 3132 A
737 3084 769 3131 12
784 3085 849 3147 post
869 3083 903 3132 14
916 3094 977 3148 por.
996 3079 1138 3134 Boebrerac
1175 3091 1176 3095 ¹

205 3155 237 3202 12
256 3165 357 3218 repara
371 3155 395 3203 A
458 3153 491 3202 13
510 3149 669 3203 Decurrunb
682 3149 817 3205 Schrader
852 3148 1173 3220 nimt'eA(i.c.a‹1ooe

202 3223 238 3288 cf.
254 3222 341 3275 Mart.
363 3221 408 3275 VI
417 3225 460 3289 43,
476 3226 505 3288 23
524 3223 612 3288 411)
647 3218 759 3289 replent
772 3220 799 3274 A
818 3219 952 3289 conplent
965 3241 985 3274 or
1039 3225 1074 3274 14
1091 3221 1169 3274 unda

201 3292 337 3347 Schrader
355 3292 456 3345 umbra
474 3292 502 3345 A
552 3297 586 3345 lb
604 3291 647 3365 He
666 3291 735 3345 bibis
749 3290 924 3345 monumenti
937 3290 992 3345 tibi
1011 3292 1039 3345 A
1074 3291 1170 3346 laudis

200 3364 301 3432 scripsi
327 3361 382 3416 tibi
411 3365 477 3415 sunt
503 3364 588 3433 oripo
679 3366 712 3415 16
736 3362 773 3416 Et
792 3362 953 3417 decoratam
976 3378 994 3416 1
1017 3362 1109 3418 claros
1131 3367 1171 3431 A,

200 3435 309 3487 correxi
345 3431 421 3487 secla
438 3434 466 3488 A

272 3502 340 3557 378.
365 3502 419 3556 Hic
438 3506 505 3557 sunt
527 3519 626 3557 uersus
645 3503 732 3558 fontis
750 3502 821 3558 facti
843 3520 861 3558 1
879 3504 992 3559 caibulo
1010 3503 1176 3574 gramatice

200 3621 219 3658 1
236 3608 317 3674 parte
337 3607 463 3677 episcopi
482 3611 507 3662 A
561 3611 686 3679 ΙχρῖΑ
737 3610 848 3664 2th
898 3595 1014 3665 tlaudt
1032 3611 1108 3667 Am.
1118 3629 1167 3681 pr.
