2642 3922
382 200 521 257 OODIOIS
540 200 768 257 SALMASIANI.
1015 204 1059 269 59

43 384 76 432 05
94 370 174 431 llaec
199 370 277 431 latus
300 370 422 448 animas,
446 387 521 448 quac
545 387 600 447 per
622 370 690 448 iuga
713 368 798 448 longa
823 369 975 451 sedebant,

93 459 245 541 Deturbat,
269 467 354 519 antro
379 461 524 518 miserans
548 458 697 519 submittit
719 466 832 537 aperto,

93 549 131 609 Et
153 551 233 609 dicto
257 565 365 627 parens
389 565 496 625 supera
520 546 556 607 ad
580 565 710 607 convexa
733 550 857 609 revexit.

93 638 209 698 luterea
234 654 369 715 magnam
393 634 492 697 subito
516 635 632 714 vulgata
656 654 710 714 per
734 635 839 697 urbem

94 726 183 787 Fama
205 725 292 806 volat,
317 724 398 785 illum
422 726 607 803 expirantem
631 724 752 786 sedibus
776 727 844 785 imis

44 828 75 876 70
93 815 151 875 lam
176 832 316 875 revocare
340 813 464 891 gradum
489 832 673 892 superasque
698 813 823 875 evadere
846 814 882 874 ad
906 832 1003 876 auras.

95 903 274 983 Obstipuere
298 904 403 962 anImis
427 902 490 983 alii3
514 911 560 962 set
583 904 736 981 sanguinis
759 910 864 964 auctor

94 993 132 1053 Se
156 1011 275 1053 causam
299 990 405 1051 clamat
429 992 602 1070 crimenque
626 1003 774 1070 caputque
798 991 952 1073 malorum,
993 1056 998 1065 ,

92 1081 131 1142 Et
154 1082 265 1142 nodum
289 1081 425 1140 inlormis
448 1079 500 1140 leti
523 1079 608 1139 trabe
632 1082 725 1140 nectit
748 1079 785 1140 ab
808 1081 864 1142 alta

92 1171 212 1250 Proque
236 1171 299 1229 suis
322 1170 438 1229 meritis
462 1171 580 1248 superis
604 1171 753 1230 concessit
775 1168 812 1229 ab
836 1172 906 1231 oris.

42 1271 73 1319 70
92 1259 155 1319 Nee
179 1260 278 1319 minus
301 1259 413 1318 interea
439 1277 470 1316 se
495 1261 658 1318 matutinus
681 1257 786 1336 agebat

92 1349 136 1408 Ad
162 1350 268 1428 socios,
292 1346 401 1427 quibus
424 1348 454 1406 iu
479 1346 584 1406 mediis
608 1349 651 1406 sie
676 1346 782 1406 deinde
805 1345 924 1408 loeutus

91 1436 208 1497 Extulit
231 1454 265 1496 os
289 1454 406 1495 sacrum
430 1435 568 1514 claraque
591 1436 621 1495 in
646 1435 712 1496 luce
736 1435 863 1516 refulsit,

92 1527 199 1588 Omnia
224 1524 364 1604 longaevo
389 1524 502 1605 similis,
528 1526 704 1603 cunctisque
729 1533 853 1603 repente

93 1615 291 1694 [improvisus
314 1612 382 1690 ait:]
407 1608 416 1637 ‘
419 1657 907 1675 ..........

91 1705 140 1764 lre
164 1706 274 1763 iterum
293 1705 323 1762 in
344 1698 502 1762 lacrimas?
524 1720 634 1783 coram,
658 1720 746 1780 quem
768 1703 920 1785 quaeritis,
944 1701 1058 1764 adsum.

41 1804 74 1852 80
91 1793 137 1853 En
162 1793 295 1871 perlecta
320 1792 378 1851 mei
402 1794 462 1851 cari
486 1798 644 1869 praecepta
668 1793 809 1870 parentis.

91 1881 191 1952 Quare
215 1883 301 1961 agite,
325 1899 342 1939 o
366 1882 448 1960 socii,
473 1887 620 1939 tantarum
645 1882 676 1939 in
700 1898 823 1941 munera
848 1879 970 1941 laudum
1035 1895 1114 1962 pes

91 1966 157 2050 lte',
181 1971 236 2049 ait3
260 1964 406 2052 ‘egregias
430 1970 542 2029 animas
566 1972 687 2049 natique
711 1972 864 2049 patrisque

92 2059 272 2120 Sermonum
295 2076 442 2117 memores
466 2057 585 2137 pluviali
609 2060 739 2138 spargite
753 2057 890 2137 lympha.

92 2148 169 2227 lpse,
194 2146 246 2207 ubi
269 2155 388 2226 tempus
411 2149 477 2227 erit,
501 2149 597 2206 omnis
621 2149 651 2206 in
675 2149 757 2207 lonis
781 2141 904 2207 lavabo?

39 2248 72 2296 85
94 2236 173 2297 Dixit
197 2244 228 2297 et
249 2238 280 2296 in
305 2234 419 2295 eaelum
443 2234 566 2314 paribus
589 2254 621 2295 se
646 2235 768 2295 sustulit
792 2235 844 2295 alis

94 2324 240 2386 Conditus
263 2328 293 2384 in
319 2323 442 2405 nubem3
466 2324 535 2383 hine
559 2325 640 2402 regia
663 2332 741 2383 tecta
766 2323 876 2383 subivit

94 2414 179 2475 Dona
203 2415 302 2474 lerens
325 2415 429 2494 victor,
453 2415 514 2473 cari
537 2414 682 2491 genitoris
705 2420 735 2471 et
758 2429 818 2471 ora.

95 2502 203 2564 Oscula
227 2501 329 2563 libavit
352 2502 544 2580 dextramque
569 2500 722 2579 amplexus
745 2499 881 2561 inhaesit.

95 2592 191 2652 Huius
215 2594 245 2652 iu
270 2590 428 2652 adveutum
452 2608 558 2650 cernes
581 2608 597 2649 a
621 2589 743 2650 sedibus
765 2590 833 2649 imis

39 2691 73 2740 00
93 2678 238 2761 †Eruere
261 2697 392 2741 summas
415 2698 500 2740 arces
524 2688 554 2739 et
577 2680 693 2739 moenia
717 2679 794 2737 verti

164 2821 199 2869 66
217 2833 244 2883 q;
263 2831 314 2884 per
330 2814 395 2868 iura
413 2817 440 2868 A
484 2813 553 2884 iuga
570 2833 589 2869 a
657 2819 691 2867 66
710 2813 915 2880 Deturbotanq3
934 2814 1016 2866 aubro
1031 2814 1059 2865 A

92 2887 227 2942 deturbat
252 2886 447 2953 miseransque
475 2889 556 2939 antro
585 2884 730 2957 Sorioqar.
767 2887 803 2952 cf.
827 2886 896 2940 Aeas.
911 2884 956 2939 VI
969 2889 1022 2937 412

91 2965 125 3012 67
137 2973 241 3027 supera
250 2960 283 3010 ui
292 2973 417 3011 connexa
427 2955 555 3009 reuiseni
563 2956 632 3011 Aen.
644 2957 690 3011 VI
696 2961 755 3011 760.
794 2961 829 3011 68
840 2956 1023 3025 uulgatamA

93 3035 124 3083 71
144 3028 211 3083 aliis
234 3029 265 3082 ei
282 3027 310 3081 A
379 3033 411 3080 ⁷2
436 3027 480 3081 Ne
503 3031 588 3081 consti
612 3027 704 3081 clama
722 3029 751 3083 A
795 3043 912 3097 eapueq3
931 3027 960 3082 A
978 3027 1060 3096 (Aeo.

91 3102 161 3155 XII
180 3102 244 3168 600)
309 3104 342 3152 74
369 3100 484 3152 meretis
512 3099 539 3153 A
605 3103 638 3152 76
666 3115 728 3152 sese
755 3097 904 3153 matutinis
927 3099 956 3153 A
978 3098 1058 3168 (Aen.

96 3172 179 3227 VIII
188 3172 253 3241 466)
308 3176 341 3223 76
361 3169 453 3223 socius
472 3170 500 3224 A
557 3174 590 3223 78
608 3169 747 3238 longebus
766 3170 802 3223 A.
828 3176 893 3239 post
912 3174 945 3222 78
964 3184 1060 3223 ueram

91 3244 205 3310 excidit,
219 3244 254 3309 cf.
265 3242 335 3297 Aeo.
345 3243 367 3295 I
372 3245 425 3294 594
456 3240 537 3310 impr.
553 3240 595 3294 ait
608 3242 673 3295 odd.
689 3241 827 3311 60760907
840 3247 865 3295 et
878 3256 925 3309 epo
972 3244 1005 3292 79
1019 3238 1060 3290 la-

91 3312 188 3367 crimis
207 3314 244 3380 A,
263 3331 332 3369 corr.
347 3314 387 3367 A¹
447 3316 480 3365 81
501 3328 532 3365 os
552 3311 622 3366 socii
636 3313 662 3364 A
699 3327 814 3364 munere
834 3310 904 3365 Aen.
919 3310 999 3365 VIII
1008 3313 1060 3362 273

91 3401 211 3438 munera
224 3384 253 3439 A
298 3388 333 3436 83
351 3382 473 3452 plubiali
487 3383 515 3436 A
546 3382 629 3436 limfa
642 3381 671 3436 A
717 3385 752 3434 84
768 3381 873 3434 lababo
888 3381 916 3434 A
962 3385 996 3433 86
1016 3397 1060 3433 su-

92 3455 188 3509 stullit
201 3456 230 3511 A
278 3460 321 3509 87.
336 3459 370 3508 88
390 3454 432 3508 ori
447 3453 551 3508 Oscula
569 3455 635 3508 olim
652 3455 760 3520 scripsi.
788 3453 823 3519 cf.
838 3452 907 3507 Aen.
918 3451 963 3505 VI
973 3455 1025 3504 108

91 3531 125 3579 88
141 3525 268 3581 Obseula
278 3526 306 3580 A
342 3530 376 3579 89
392 3541 488 3580 cemes
502 3541 520 3577 a
534 3525 673 3594 &uiaque
698 3522 784 3576 Erebi
798 3523 833 3576 de
844 3523 941 3593 Georq.
950 3522 1001 3577 IV
1007 3526 1060 3576 471

91 3596 178 3652 certis
193 3613 211 3650 a
225 3597 254 3651 A
309 3603 343 3650 00
362 3614 469 3669 summe
489 3594 564 3649 acies
583 3596 620 3663 A,
638 3611 706 3650 corr.
725 3595 797 3649 idem
833 3592 929 3648 menia
946 3593 975 3647 A
