2672 3924
455 188 594 245 conteis
612 186 840 244 SALMASIANL
1066 183 1133 249 295

617 424 682 490 385
1066 473 1094 513 Β.
1108 473 1130 514 V
1140 475 1188 515 178.

518 560 606 616 Item
629 560 673 614 de
696 572 778 626 apro
1054 526 1188 623 3.Ἲῆιῖἓὲ

165 681 313 741 Invadunt
335 689 404 759 post
425 689 509 759 terga
533 697 627 740 suem.
664 686 723 739 stat
745 688 848 738 torvus
871 677 903 736 in
926 676 984 735 ira:

165 769 303 831 Creticus
327 771 478 830 excutitur
502 768 602 830 lunato
627 767 716 827 dente
740 764 870 846 rebellis,

164 857 263 929 Quem
286 860 386 919 socius
409 876 511 918 morsu
535 856 679 918 auxilians
703 855 836 916 defendit
859 855 890 914 in
913 852 1040 913 hostem.

618 1101 684 1167 386
1108 1158 1110 1161 ψ

464 1236 514 1291 De
537 1235 705 1293 Mandxite
727 1234 833 1290 mimo
1030 1203 1141 1299 Bia-131
1141 1225 1189 1301 ts's‘.

168 1355 299 1416 Mandris
323 1364 412 1416 notus
436 1354 507 1415 olim
530 1353 601 1415 felix
624 1356 682 1434 lur,
705 1364 811 1415 cautus
835 1363 865 1414 et
888 1353 992 1434 audax,

167 1445 317 1516 Quattuor
339 1447 371 1505 in
394 1445 492 1504 medio
517 1443 589 1504 dicit
612 1462 754 1522 peccasse
777 1441 906 1503 colonas.

168 1530 250 1595 ‘Sive
274 1552 329 1613 ego
353 1536 414 1594 sive
438 1528 548 1611 lupus’,
572 1532 655 1611 dixit,
678 1527 812 1592 ‘tollatur
836 1539 866 1591 et
889 1527 998 1593 anser'.

531 1772 534 1781 ·
619 1777 683 1842 ser

560 1898 747 1966 aaronis
1029 1879 1192 1977 {Bffitna

169 2032 233 2092 Rex
256 2029 399 2104 Hunerix,
423 2030 578 2090 nranitesta
601 2029 659 2089 lide
684 2047 772 2106 quem
797 2029 872 2089 lama
897 2032 1036 2108 perennis

169 2119 297 2201 lnelitat,
320 2119 492 2179 hominibus
515 2120 629 2197 spargit
652 2117 844 2179 memorabile
868 2118 988 2198 laetum,

170 2208 256 2278 Quod
279 2208 370 2268 verbo
395 2208 496 2268 divisit
518 2225 611 2287 aquas
634 2206 801 2286 molemque
825 2207 967 2286 profundi

170 2296 296 2359 Discidit
318 2299 418 2376 iussis,
441 2296 533 2356 semel
558 2290 620 2376 [ut]
644 2295 754 2356 nudata
777 2305 930 2356 natantum

134 2401 151 2448 s
171 2385 277 2465 Iugera
300 2385 395 2447 calcet
417 2385 516 2445 homo.
553 2383 676 2463 pelagus
699 2385 810 2445 lodisse
833 2383 947 2463 ligones

171 2475 297 2555 Expavit
320 2485 425 2535 natura
448 2476 552 2535 maris:
575 2473 754 2534 subducitur
777 2473 866 2553 unda,

171 2564 295 2625 Tortilis
318 2566 452 2626 anlractu
477 2563 608 2642 liquidus
631 2564 822 2623 concernitur
844 2561 949 2644 imber,

171 2653 383 2734 Oceanumque
407 2663 525 2713 movent
549 2651 699 2733 manibus3
722 2670 803 2712 mare
827 2649 927 2712 coclea
951 2650 1062 2712 sorbet.

244 2842 313 2899 885.
341 2843 414 2897 Item
432 2841 462 2895 in
481 2857 549 2911 apro
568 2842 597 2896 A
670 2847 755 2909 lpos
773 2842 802 2896 A
844 2840 942 2894 torbus
960 2841 989 2894 A
1061 2837 1139 2893 slu-

171 2918 239 2998 nato
258 2932 293 2999 en
310 2913 404 2968 lutato
422 2915 451 2968 A
528 2918 545 2965 3
563 2912 594 2966 in
612 2912 651 2984 A]
671 2912 707 2965 ab
726 2913 824 2968 Barna
868 2911 950 2966 hoste
968 2911 1008 2981 A,
1027 2909 1139 2964 hostem

169 3002 313 3130 smpbbd.
340 3072 393 3145 De]
412 3073 444 3127 ln
458 3074 487 3128 A
559 3078 574 3126 2
595 3071 721 3138 Quatuor
738 3072 767 3126 A

244 3163 313 3219 ost.
337 3160 456 3217 Carmen
475 3160 585 3216 catonis
599 3162 626 3216 A
683 3168 697 3216 1
716 3161 791 3214 huuc
807 3191 812 3202 ·
827 3159 871 3213 rix
888 3160 917 3214 A
953 3160 1022 3213 fides
1036 3159 1065 3213 A
1083 3158 1139 3213 fide

172 3252 220 3307 epo
278 3240 294 3287 2
313 3233 416 3288 inclita
433 3235 470 3301 A,
489 3250 558 3289 corr.
578 3234 719 3289 Baehrens
756 3230 916 3286 hominibus
935 3233 990 3301 (net
1009 3229 1139 3285 omnibus

173 3308 219 3376 en)
237 3307 338 3375 scripsi
356 3303 502 3359 ordinibus
520 3305 549 3359 A
567 3303 708 3358 ominibus
727 3304 868 3358 Baehrens
940 3308 958 3356 4
976 3300 1097 3355 Discedo
1111 3301 1139 3355 A

173 3377 318 3445 molesque
332 3394 360 3445 p.
375 3375 497 3431 discedit
508 3377 649 3431 Baehrens
663 3374 787 3428 Discidit
799 3378 850 3445 (an
863 3372 1025 3442 discinditl)
1039 3374 1140 3442 scripsi

173 3450 207 3503 ut
224 3450 289 3504 add.
304 3449 446 3503 Baehrens
513 3453 529 3502 5
547 3447 663 3517 pelscus
677 3449 709 3500 A·
778 3450 793 3499 'l
813 3444 967 3500 cauteribus
982 3444 1018 3514 A,
1032 3445 1140 3500 carreni

173 3518 375 3646 pppprepditm
392 3519 534 3575 Baehrens
557 3517 730 3587 contergitur
748 3518 813 3572 otim
830 3534 877 3589 epo
951 3522 967 3571 8
986 3515 1093 3570 molent
1111 3515 1140 3569 A
