2654 3926
244 180 310 245 224
636 178 804 235 CARMINA

489 395 539 462 III
565 395 690 462 Anulus
713 417 793 460 eum
818 416 966 479 gemma

147 520 150 525 ’
246 508 386 587 Corporis
410 508 536 569 extremi
559 523 619 566 non
642 523 781 584 magnum
804 503 922 585 pondus
946 505 1100 567 adhaesi.

246 598 412 677 lngenitum
437 596 532 677 die'as3
554 596 595 656 ita
619 594 751 675 pondere
775 612 861 655 neme
885 602 1032 673 gravatur.
1231 607 1270 656 25

245 686 307 747 Vna
332 695 428 746 tamen
453 686 544 746 iacies
567 683 670 764 plures
692 681 782 743 habet
805 701 856 744 ore
881 683 999 762 figuras.

516 964 517 968 ,
628 891 694 957 IIII
719 890 828 957 Olevie

246 1006 378 1067 Virtutes
403 1023 523 1084 magnas
546 1003 588 1064 de
611 1002 752 1063 viribus
775 1002 890 1063 affere
914 1004 1043 1082 parvis,

246 1094 347 1156 Pande
370 1094 474 1154 domos
498 1092 622 1171 clauses,
644 1094 754 1152 iterum
779 1091 830 1152 sed
855 1090 960 1153 claudo
983 1099 1129 1171 patentes.

247 1183 339 1244 Servo
363 1182 484 1243 domum
507 1181 634 1262 domino,
659 1180 711 1241 sed
735 1198 842 1241 rursus
865 1198 969 1241 servor
992 1180 1028 1241 ab
1052 1184 1125 1261 ipso.
1170 1209 1203 1263 p,
1212 1196 1269 1249 143

637 1372 667 1436 V
692 1370 815 1437 Oetene

151 1504 162 1513 “
247 1485 326 1545 Nexe
350 1483 426 1563 ligor
450 1485 540 1566 serre,
563 1482 672 1544 multos
695 1482 832 1543 habitura
856 1480 969 1562 ligatos.
1232 1496 1269 1547 3ο

247 1573 367 1634 Vineior
390 1575 454 1652 ipsa
477 1575 570 1653 pride,
594 1571 645 1633 sed
669 1572 767 1632 vineie
790 1573 887 1632 vincta
911 1572 1050 1632 vicissim.

246 1663 285 1723 Et
308 1662 382 1723 solvi
405 1662 524 1744 multoe,
546 1680 602 1722 nee
626 1679 693 1721 sum
716 1669 815 1721 tamen
837 1662 901 1740 ipsa
927 1659 1031 1721 soluta.

633 1851 681 1917 VI
704 1852 829 1938 Tegula

247 1982 341 2043 Terre
365 1982 436 2043 mihi
460 1988 578 2061 eorpus,
602 1983 681 2041 vires
704 1980 777 2041 mihi
799 1982 948 2060 praestitit
970 1982 1061 2060 ignis;

248 2072 290 2131 De
313 2079 393 2132 terra
417 2090 537 2153 nascor3
561 2070 647 2132 sedes
671 2079 716 2130 est
740 2087 858 2149 semper
881 2071 912 2129 in
936 2069 1007 2151 elt03

246 2159 290 2221 Et
311 2178 363 2222 me
387 2159 589 2240 perfundit,
614 2161 673 2238 qui
697 2177 749 2219 me
773 2161 832 2220 cito
856 2158 976 2238 deserit,
999 2177 1094 2220 umor.
1230 2171 1266 2222 35

318 2365 497 2423 Reae-111
515 2382 578 2421 eum
597 2381 709 2434 gemme
727 2367 825 2421 desunt
871 2369 906 2419 24
923 2364 1035 2419 inhaesi
1084 2368 1119 2420 87
1138 2364 1213 2420 diui·

247 2436 325 2493 tibus
342 2440 346 2508 Ι
361 2454 452 2508 parua
532 2441 566 2491 84
589 2438 655 2493 uide
678 2439 883 2492 adnotationem
968 2441 1002 2491 85
1020 2435 1059 2491 Et
1076 2452 1129 2505 ego
1147 2453 1212 2507 per·
1243 2460 1248 2466 ·

246 2510 357 2579 fundor,
376 2509 427 2565 sed
444 2524 489 2563 me

320 2655 354 2707 ed
372 2668 485 2722 gemme
498 2653 541 2707 doc
559 2649 668 2704 Anulus
683 2648 688 2723 1
705 2647 745 2705 Oi
764 2666 876 2718 gemme
890 2649 1013 2721 eorporis
1032 2650 1151 2706 extremi
1170 2651 1212 2705 di-

247 2722 317 2794 gito.
345 2729 481 2793 fimegno
495 2723 606 2793 pondus
621 2721 721 2776 adhesi
736 2723 741 2792 1
757 2720 895 2791 Corporeo
910 2720 1001 2792 digito
1016 2725 1140 2778 extremo
1153 2740 1213 2778 non

251 2795 361 2866 pondus
380 2793 473 2867 inheei
491 2794 519 2849 A
538 2792 639 2862 (digito
654 2794 784 2864 yleeeema
803 2794 840 2848 ad
860 2793 987 2865 adhaesi)
1006 2793 1125 2849 adhaesi
1142 2795 1187 2849 de

250 2870 285 2919 85
303 2865 460 2934 Ingenuum
478 2883 497 2920 a
555 2864 634 2918 dieas
661 2866 813 2932 grauatum
841 2865 964 2934 pendere
991 2863 1045 2919 tali
1072 2867 1101 2920 A
1128 2881 1211 2920 nemo
1312 2910 1313 2919 ,

249 2940 385 3020 gredeius
404 2937 432 3060 ξ
515 2941 550 3020 28
574 2935 662 3021 iacies
684 2952 720 2990 ee.
744 2952 862 3001 yemmae
884 2938 1013 2992 micantis
1042 2935 1141 3021 ,hebet
1164 2953 1212 2991 ore
1312 2940 1313 2955 ¹

248 3005 805 3132 301νέἷῇῂὲιιέἷξὶξιῗεῑὲὁὲἑίῐθτξτΑωῃιξεὸ
815 3006 1213 3134 {imuadffiiridiimiidsscleiiid

249 3152 328 3219 (corr.
347 3151 379 3204 ie
397 3148 545 3218 concludo)
564 3169 583 3203 α
601 3148 715 3203 recludo
734 3149 754 3202 d
843 3155 877 3204 29
897 3149 998 3204 Seruor
1015 3151 1051 3217 A,
1070 3167 1139 3206 coer.
1159 3169 1178 3206 a

249 3226 283 3277 80
301 3220 412 3290 legatos
432 3220 460 3275 A
512 3226 545 3274 82
566 3221 615 3274 Set
633 3222 674 3291 αβ
694 3219 749 3275 Sed
766 3220 825 3275 rell.
844 3222 882 3275 Et
894 3222 1042 3277 Perioniue
1055 3219 1173 3276 Exsolui
1186 3221 1215 3276 L

247 3291 287 3346 VI
305 3292 430 3360 Tegulee
454 3293 472 3364 β
544 3296 579 3345 88
602 3290 685 3362 mihi]
708 3291 774 3361 md
817 3291 950 3361 prestetit
967 3292 996 3347 A
1075 3297 1110 3346 84
1127 3295 1168 3348 eie
1185 3294 1214 3348 A

249 3380 310 3417 eum
324 3364 431 3431 paucis.
468 3362 521 3416 Est
543 3363 643 3417 domus
666 3362 697 3415 in
715 3361 788 3430 alto,
812 3363 893 3417 sedes
917 3365 961 3417 esi
979 3379 1090 3434 semper
1107 3362 1212 3418 inimo

249 3432 319 3500 (elio
339 3433 381 3502 F)
399 3435 474 3506 dud,
492 3440 518 3488 et
534 3435 591 3500 fere
609 3434 666 3489 rell.
699 3433 806 3499 Estqne
825 3434 924 3489 domus
942 3437 1019 3489 tecte
1038 3435 1119 3490 sedes
1141 3434 1214 3488 mihi

249 3503 401 3558 Heumann
495 3508 529 3557 88
547 3507 587 3560 eie
605 3506 660 3570 deu
679 3507 726 3560 sed
744 3509 772 3560 A
787 3531 819 3551 ι-
835 3507 862 3560 Β
897 3506 971 3561 Rore
990 3522 1043 3577 ego
1061 3507 1214 3576 perfundor

251 3573 406 3629 Baehrens!
440 3574 601 3646 humdred
998 3574 1003 3587 ’
