2670 3920
243 185 309 250 174
538 226 543 239 .
643 184 810 240 ctRMiNA

288 352 361 413 Cras
371 360 450 414 amet
461 354 512 432 qui
522 370 683 431 numquam
691 353 799 413 amavit
807 353 918 432 quique
926 354 1209 418 amariterasamet!
1230 371 1265 419 12

243 441 310 520 lpse
334 460 424 502 venas
447 451 536 521 atque
558 449 689 502 mentem
713 443 879 520 permeanti
902 442 1011 521 spiritu
1228 461 1263 509 63

241 528 326 591 Intus
349 529 476 592 occultis
498 529 646 610 gubernat
667 532 852 610 procreatrix
875 530 999 611 viribus,
1165 563 1196 614 p.
1206 551 1262 600 111

236 612 356 700 Perque
379 619 493 681 eaelum
517 638 631 700 perque
654 629 751 680 terras
773 637 887 699 perque
906 628 1031 698 pontum
1051 619 1204 684 subdivum
1225 637 1262 685 65

235 706 375 769 Pervium
399 711 446 769 sui
469 719 604 769 tenorem
629 707 763 769 seminali
786 711 905 769 tramite
965 714 967 719 ’

236 796 338 859 lubuit
360 799 508 877 iussitque
532 797 677 858 mundum
699 815 788 858 nosse
811 797 955 858 nascendi
978 799 1049 860 rias.

280 886 353 947 Cras
363 898 442 947 amet
452 888 504 966 qui
514 905 676 967 numquam
685 888 912 966 amavitquique
920 889 1027 948 emant
1035 887 1202 950 erasameti

209 1020 210 1023 ,
238 975 305 1054 Ipsa
329 974 473 1036 Troianos
495 984 619 1053 penates
642 977 673 1036 in
697 975 819 1036 Latinos
842 976 1006 1056 transtulit,

234 1063 301 1141 ipsa
324 1064 504 1124 Laurentem
527 1064 657 1143 pueliam
678 1067 836 1144 coniugem
858 1073 929 1126 nato
954 1065 1046 1145 dedit,
1223 1081 1260 1131 70

235 1151 363 1232 Moxque
386 1152 474 1213 Marti
495 1153 534 1212 de
555 1153 665 1214 sacelio
689 1154 740 1214 dat
761 1153 901 1232 pudieam
925 1156 1088 1236 virginem3

233 1241 395 1302 Romuleas
417 1244 481 1322 ipsa
504 1242 576 1303 ieoit
599 1261 666 1303 eum
692 1241 809 1303 Sabinis
833 1244 962 1324 nuptias,

233 1327 316 1390 Vnde
340 1330 469 1391 Ramnes
492 1341 522 1391 et
545 1330 686 1412 Quirites,
709 1330 788 1392 unde
813 1330 928 1410 preiem
950 1341 1116 1413 posterum,

233 1417 353 1480 Romuli
375 1429 502 1500 gentem,
526 1429 642 1481 crearet
664 1429 696 1480 et
719 1432 860 1499 nepotem
883 1421 1048 1482 esseron.

279 1509 351 1569 Cras
361 1517 440 1570 amet
450 1511 503 1588 qui
511 1527 673 1589 numquam
682 1512 791 1569 amavit
799 1512 910 1590 quique
918 1512 1026 1571 amarit
1034 1529 1100 1572 eras
1108 1508 1201 1573 ameti
1222 1525 1257 1574 76

234 1596 316 1658 Rura
339 1598 480 1658 fecundat
501 1598 647 1679 voluptas,
670 1616 740 1659 rura
763 1597 909 1659 Venerem
934 1601 1081 1681 sentiunt;
1319 1602 1320 1617 ¹

234 1684 301 1763 lpse
324 1687 416 1747 Amor
438 1704 515 1765 puer
538 1687 648 1747 Dionae
672 1705 743 1748 rure
767 1698 855 1749 natus
878 1688 998 1749 dieitur.

233 1773 321 1835 Hune
344 1792 415 1854 ager
438 1793 506 1836 cum
529 1778 703 1856 parturiret,
725 1779 788 1856 ipse
811 1779 946 1856 suscepit
968 1779 1046 1858 sinu,

233 1862 300 1942 Ipsa
323 1862 432 1924 florum
455 1864 589 1926 delicatis
613 1865 750 1926 educarit
772 1866 892 1927 osculis.

277 1950 351 2012 Cras
360 1960 439 2013 amet
449 1955 501 2031 qui
510 1972 671 2033 numquam
680 1956 787 2015 amavit
796 1958 907 2034 quique
915 1956 1097 2016 amaritcras
1105 1953 1197 2016 uueti
1218 1968 1254 2018 eo

234 2039 312 2101 Ecce
336 2044 396 2102 iam
420 2041 524 2103 subter
546 2052 684 2122 genestas
707 2042 856 2122 explicant
879 2046 958 2105 tauri
982 2044 1069 2124 latus,

235 2129 370 2210 Quisque
393 2137 477 2192 tutus
501 2151 560 2210 quo
584 2140 703 2193 tenetur
727 2132 874 2211 coniugali
898 2133 1027 2196 foedere.

232 2218 343 2280 Subter
367 2219 490 2281 umbras
511 2240 580 2282 eum
604 2223 718 2282 maritis
742 2240 813 2282 ecce
835 2221 987 2283 balantum
1010 2239 1117 2301 greges

219 2487 221 2493 ’
303 2483 336 2532 12
357 2459 436 2551 amffot
454 2480 502 2550 qui
520 2482 549 2535 B
622 2486 655 2534 66
674 2498 776 2535 uernae
794 2483 823 2536 Β
858 2482 953 2549 edque
971 2483 1001 2537 A
1031 2485 1195 2553 permeante

231 2548 285 2620 ipit
303 2551 331 2604 B
387 2555 422 2607 64
440 2551 542 2608 ocultis
560 2552 622 2606 AB
658 2552 798 2623 gobernei
814 2551 972 2621 procreetis
991 2553 1020 2608 A
1074 2558 1107 2608 65
1127 2555 1195 2625 que]

231 2638 314 2691 quem
341 2622 371 2676 A
397 2626 439 2680 bia
465 2642 518 2698 pq3
545 2626 635 2692 pontii
664 2622 897 2692 subdsubdiium‚
925 2625 998 2678 subd
1016 2641 1095 2692 eras,
1113 2627 1142 2680 A

231 2698 264 2747 66
282 2692 434 2749 Praedium
452 2694 497 2748 sui
515 2696 641 2764 teporem
659 2695 801 2750 Baehrens
837 2695 953 2750 tendere
972 2697 1001 2751 A
1056 2701 1093 2750 67
1110 2712 1195 2750 nosee

229 2765 258 2818 B
331 2769 364 2817 69
383 2769 501 2835 penates
521 2766 676 2822 Seriuerius
692 2768 810 2835 nepotes
826 2766 855 2821 A
872 2781 924 2821 neo
942 2769 1023 2836 potes
1042 2766 1070 2820 B
1105 2767 1195 2821 leiino

228 2837 256 2889 B
316 2836 466 2907 701peA
538 2842 571 2890 73
590 2844 615 2892 et
635 2842 668 2890 74
687 2844 750 2892 ante
769 2842 801 2890 71
825 2840 917 2906 posuit
935 2837 1092 2908 Baeiereees5
1107 2841 1197 2909 ipsam

229 2923 285 2961 rem
307 2914 432 2974 speciano
450 2909 573 2963 ordinent
590 2910 696 2964 retinui
755 2913 787 2961 72
806 2907 961 2962 Rumuleas
979 2910 1007 2963 Β
1029 2909 1196 2964 Romulares

228 2976 327 3047 Ripler
379 2977 457 3049 ipsas
475 2979 505 3033 A
558 2979 664 3033 seuinia
684 2979 712 3033 Β
816 2984 849 3033 73
873 2996 984 3034 samnes
1007 2981 1036 3036 A
1057 2997 1149 3035 remes
1167 2981 1196 3035 B

228 3048 304 3101 unde
326 3050 435 3118 prolem
457 3052 567 3119 scripsi:
591 3068 697 3120 proque
720 3049 799 3120 prole
818 3050 879 3105 AB
952 3056 986 3105 74
1003 3051 1117 3106 Romuli
1135 3052 1196 3107 AB

228 3121 343 3189 geniem
362 3122 474 3192 scripsi:
492 3124 612 3175 mairem
630 3123 691 3177 AB
709 3123 819 3190 patrem
837 3123 954 3192 Lipsius
1009 3129 1042 3177 76
1060 3124 1197 3179 facundet

228 3192 257 3247 B
294 3194 332 3271 ι77
350 3195 420 3247 nutu
438 3193 466 3247 A
515 3197 548 3246 78
566 3193 688 3264 pturirei
701 3194 729 3247 B
765 3191 857 3248 sinum
870 3195 899 3248 A
948 3198 983 3248 79
1003 3193 1136 3265 deligatis
1150 3196 1179 3249 A

229 3305 264 3353 80
282 3278 329 3369 ᾆᾳς
345 3300 465 3354 smetB
512 3304 545 3353 81
561 3301 658 3369 supter
671 3301 864 3356 Broukiuesius
878 3317 962 3371 super
975 3301 1036 3356 AB
1072 3300 1197 3370 explicet

229 3371 307 3425 eonii
324 3371 400 3437 AB,
424 3388 471 3426 666.
491 3371 622 3426 Pithoeus
707 3376 741 3425 82
760 3373 827 3424 inus
845 3373 873 3425 B
910 3389 973 3426 oum
990 3370 1082 3442 iugali
1099 3371 1195 3426 federe

228 3442 256 3494 B
273 3441 370 3514 federe
389 3443 416 3495 A
503 3445 537 3494 66
557 3458 579 3496 s.
596 3441 689 3495 ulmos
708 3441 822 3512 Maetey
840 3442 959 3497 uetante
978 3445 1006 3497 B
1051 3442 1146 3514 gregis
1165 3443 1193 3497 A

228 3528 347 3636 gregum
364 3512 392 3566 Β
415 3529 525 3567 uersum
547 3515 634 3568 6766666
652 3518 723 3583 poeto
746 3529 798 3583 que
820 3516 955 3569 sementia
979 3516 1017 3569 ad
1034 3517 1116 3583 (ierem
1128 3532 1193 3584 per·

246 3588 348 3637 ocatur
