2670 3920
212 152 275 217 116
506 202 510 211 ,
610 148 776 204 anamma

211 318 284 380 Vota
307 326 444 378 recenset
467 335 549 377 amor
573 326 747 396 secretaque
772 316 883 397 dulcia3
906 334 1030 377 somnus
1148 334 1231 399 p.70
1316 334 1317 339 ’

213 406 382 473 Concordat
404 424 472 468 eum
496 413 583 469 nocte
607 415 716 466 torum.
758 400 823 466 ‘sua
847 405 942 466 taedia
967 405 1049 466 solus

212 496 326 557 Fallere
349 497 446 556 nescit
469 488 573 555 amor?
615 494 742 556 fecundo
766 496 879 555 semine
903 513 1004 555 rerum

211 585 306 646 Mutat
328 594 409 645 terra
432 586 513 644 vices
536 592 565 644 et
588 583 700 644 alumni
723 586 867 662 temporis
890 602 977 644 auras

211 673 301 736 Laeta
325 682 423 755 vocat3
446 676 543 751 spisso
566 673 722 733 revirescit
744 674 877 751 gramine
901 690 1024 753 campus

211 762 250 824 Et
272 765 383 823 vitreas
405 762 477 840 ligat
498 761 590 822 herba
614 779 713 821 comas
736 779 794 822 nec
816 761 889 823 lallit
913 763 1018 823 aristas

211 851 362 929 Proventu
385 850 508 911 meliore
532 850 604 911 dies.
646 847 710 911 ‘sua
735 851 831 911 taedia
855 850 936 911 solus

212 940 327 1002 Fallere
351 943 446 1001 nescit
469 934 573 1001 amor?
615 939 712 1000 lessus
736 943 804 1018 iuga
828 939 915 1000 solvit
938 948 1037 1001 arator

212 1030 251 1090 Et
274 1038 392 1091 noctem
416 1047 471 1109 per
493 1037 561 1088 vota
584 1030 676 1107 capit:
699 1046 839 1107 reparare
862 1028 979 1090 labores

212 1119 301 1179 Novit
324 1126 405 1197 grata
429 1118 524 1197 quies,
547 1135 603 1178 neo
626 1126 723 1178 cessat
746 1118 872 1178 reddere
895 1120 975 1179 vires

212 1208 334 1268 lnfusus
356 1225 411 1285 por
434 1205 566 1267 membra
590 1202 680 1285 sopor
703 1209 844 1285 rurisque
866 1209 1033 1268 ministram

213 1295 362 1360 Rurioolis
386 1294 436 1356 dat
459 1313 577 1374 semper
600 1313 695 1373 opem.
738 1291 803 1356 ‘sua
827 1296 925 1357 taedia
947 1295 1029 1357 solus

213 1385 328 1447 Fallere
352 1387 448 1446 nescit
470 1380 574 1446 amor?
616 1395 756 1464 reparant
778 1402 832 1446 sua
855 1384 942 1445 litora
966 1387 1050 1464 ponti

214 1475 363 1536 Successu
387 1485 455 1554 post
477 1474 584 1535 damna
607 1492 671 1553 suo,
695 1476 887 1553 perituraque
911 1474 1019 1535 ludunt
1072 1482 1074 1485 ’

213 1562 401 1625 Incrementa
424 1566 514 1624 maris
539 1562 632 1643 dubii,
655 1565 731 1641 regit
755 1581 884 1641 aequora
906 1562 1016 1624 fluctus

214 1651 293 1730 Lege
318 1671 371 1713 sua
394 1652 570 1731 vicibusque
594 1655 658 1713 suis
681 1653 760 1731 quod
785 1652 901 1732 deperit
924 1660 1021 1731 auget

215 1741 330 1802 Officiis
352 1748 459 1801 natura
482 1751 574 1803 vacat.
616 1737 684 1802 ‘sua'
704 1741 800 1802 taedia
824 1740 905 1801 solus

215 1829 330 1890 Fallere
353 1833 450 1890 nescit
472 1824 576 1891 amor?
618 1829 782 1907 [Discussis
806 1829 952 1890 imbribus
976 1838 1039 1889 atra

216 1918 292 1980 Cum
315 1920 462 1998 requievit
484 1917 602 1999 hiems]
626 1921 782 1997 gemmatis
805 1919 921 1980 roscida
945 1921 1029 1978 verni

215 2007 326 2071 Rident
349 2016 432 2086 prata
455 2010 532 2067 rosis
556 2015 587 2069 et
609 2007 734 2069 floribus
757 2026 825 2069 arva
849 2016 1029 2070 tumescunt

215 2095 319 2158 Pictos
342 2114 414 2176 ager
436 2095 493 2157 sub
515 2096 589 2158 flore
613 2098 694 2178 latet,
717 2097 767 2158 dat
790 2097 895 2158 ironde
919 2114 1044 2158 coronas

215 2185 348 2248 Lascivis
371 2195 476 2247 natura
500 2187 590 2248 rosis:
614 2181 679 2247 ‘sua
704 2186 797 2248 taedia
822 2184 903 2247 solus

215 2274 331 2336 Fallere
354 2278 452 2337 nescit
474 2270 578 2337 amor?
619 2293 675 2336 nec
698 2284 781 2354 grata
805 2275 921 2336 silentia
946 2277 1044 2336 noetis

216 2364 279 2426 Nec
302 2368 399 2425 somni
421 2366 469 2444 pia
494 2364 569 2426 dona
593 2364 719 2444 placent,
743 2383 798 2425 nee
821 2382 945 2425 munera
969 2363 1045 2425 lucis

289 2559 322 2608 61
342 2556 475 2634 repensat
488 2553 647 2624 Petschenip
658 2568 755 2606 recens
770 2554 800 2606 et
812 2571 847 2607 oc.
862 2570 913 2608 vec.
928 2555 960 2608 iu
972 2552 1001 2607 A
1015 2553 1155 2609 antemon

219 2629 252 2678 62
267 2623 417 2679 Consonat
430 2625 553 2695 Machly,
567 2623 656 2680 recte?
700 2630 733 2678 63
752 2622 893 2678 Fallerere
907 2624 936 2678 A
987 2631 1021 2679 64
1038 2623 1110 2678 Μ66.
1124 2628 1144 2678 6.
1154 2642 1180 2678 v.

218 2695 290 2751 Hor.
309 2713 392 2751 eorm.
411 2696 459 2750 IV
471 2703 495 2765 7,
515 2701 531 2748 3
622 2701 657 2748 64
675 2696 704 2749 66
731 2693 861 2748 autumni
887 2695 929 2764 A,
952 2713 1021 2752 corr.
1040 2695 1182 2751 Baehrens

218 2766 299 2820 uerni
313 2767 409 2820 Heius.
429 2768 461 2820 iu
475 2783 569 2836 apopr.
584 2766 667 2822 Solva
711 2770 745 2819 66
763 2765 916 2821 reuiuescib
932 2766 961 2821 A
979 2765 1127 2821 reuiuiscit
1140 2785 1182 2821 coc

219 2840 305 2905 ctipos
323 2838 359 2903 A,
378 2853 447 2891 corr.
467 2855 486 2891 a
575 2843 608 2892 66
628 2835 734 2891 uirides
752 2836 850 2892 Bonan.
900 2836 923 2891 li
944 2836 970 2891 at
989 2837 1057 2892 arba
1075 2837 1104 2892 A
1121 2837 1183 2908 agit

220 2907 315 2962 Maebl
334 2924 367 2960 os
402 2906 485 2960 lallid
499 2908 528 2961 A
569 2913 602 2961 67
620 2907 792 2962 Prouenlum
805 2914 831 2963 et
849 2907 895 2962 die
938 2910 1147 2978 ,6666136666

220 2984 254 3032 68
272 2924 414 3032 Fallerere
432 2978 460 3031 A
497 2978 589 3033 solueb
607 2980 635 3033 A
708 2983 742 3033 69
760 2978 852 3033 labori
871 2979 983 3036 861666.
1068 2987 1101 3036 70
1119 2979 1184 3035 Non

220 3047 333 3103 uibrata
352 3048 431 3117 quies
450 3049 488 3117 A,
507 3067 576 3106 corr.
596 3069 614 3105 a
649 3053 780 3104 necessat
797 3050 826 3104 A
877 3056 908 3104 71
928 3050 1059 3105 ministra
1075 3051 1183 3107 Ouden-

219 3122 296 3190 dorp.
376 3125 409 3174 73
428 3120 509 3189 ponti
527 3123 546 3177 a'.
561 3139 582 3177 e.
601 3124 693 3177 mnia
732 3120 820 3176 Ebura
837 3123 865 3175 A
943 3127 977 3175 74
997 3139 1140 3177 successus
1159 3129 1185 3178 et

221 3208 285 3246 suos
304 3191 340 3258 A,
359 3194 467 3247 correxi
515 3195 582 3262 post
599 3193 697 3247 Burm.
716 3209 767 3261 per
785 3194 813 3246 A
900 3198 932 3247 76
951 3197 1054 3262 regunt
1078 3209 1184 3267 equora

104 3285 114 3298 ·
220 3263 257 3332 A,
275 3281 344 3319 corr.
363 3280 381 3317 a
432 3270 464 3319 76
483 3262 558 3333 Lege
578 3264 745 3332 Wernsdorf
757 3263 820 3317 Lite
834 3263 862 3317 A
913 3271 946 3319 77
965 3266 1062 3337 66666]
1080 3281 1185 3319 666666

220 3335 339 3405 Hiqta'us
408 3340 441 3389 78
459 3333 648 3389 916666666-
663 3333 754 3388 hiems
773 3336 837 3390 add.
857 3336 891 3389 L.
912 3336 1037 3404 Mueller,
1056 3353 1106 3392 om.
1121 3336 1150 3391 A

222 3410 270 3459 76ει
288 3405 368 3459 uerni
386 3408 530 3461 emendasti
548 3405 629 3460 uesui
642 3408 670 3459 A
689 3405 817 3476 Vesu(u)i
830 3408 914 3476 culpo
927 3406 991 3460 uisu
1006 3408 1172 3474 Weruadorf
1185 3464 1189 3467 .

222 3480 255 3528 79
273 3476 405 3531 tumescit
418 3477 447 3532 A
491 3483 525 3531 80
543 3477 635 3532 ironle
654 3497 673 3530 α
709 3493 809 3549 corone
828 3479 863 3531 Α.
896 3494 1005 3534 aereum
1023 3479 1110 3535 deeeee
1121 3484 1187 3548 poet

221 3550 256 3598 80
270 3550 383 3615 pulavit
405 3549 573 3617 Wernsdorf
640 3554 674 3602 82
692 3563 728 3601 ne
747 3548 837 3617 gracia
854 3548 891 3617 A,
909 3566 978 3605 corr.
998 3567 1016 3604 a
