2646 3920
339 214 493 270 GARMEN
511 216 649 273 CODIOES
668 217 828 273 PARISIM
846 225 924 278 8084.
1071 221 1112 285 21

149 382 348 464 Postremum,
372 385 487 463 regitur
510 385 569 445 isto
593 385 620 445 si
642 385 776 465 luppiter
800 388 873 469 ipse,

150 471 228 543 Quid
252 472 375 552 prodest
398 475 518 534 miseris
541 475 690 553 perituras
713 474 839 537 sundere
863 474 973 539 voces?

150 560 305 640 Plnngitur
328 564 359 621 in
382 561 502 641 templis
526 564 641 624 invenis
665 563 835 625 formonsus
858 565 979 646 Adonis,

90 663 129 712 20
148 648 235 711 Ν333
258 649 358 711 Venus
381 650 479 733 deflet,
502 652 612 730 gaudet
635 651 796 714 Mavortius
819 654 918 736 heros,

149 739 283 819 luppiter
306 741 337 800 in
360 740 492 802 medium
515 743 612 802 nescit
634 743 720 802 finire
745 741 901 824 querellas,

149 827 365 909 iurgantesque
388 828 459 890 deos
483 829 615 893 stimulat
638 829 759 891 Bellona
781 831 905 911 flagello.

194 917 339 979 Convenit
361 918 408 979 his
432 918 568 1000 ducibus,
592 937 741 1002 proceres,
765 938 886 1000 sperare
911 919 1037 983 salutem

150 1004 303 1069 Sacratis?
339 1006 459 1068 Vestras
482 1007 570 1069 liceat
593 1027 762 1088 conponere
786 1009 862 1071 lites.

91 1107 129 1158 25
149 1094 258 1157 Dicite:
282 1096 451 1175 praefectus
475 1105 574 1158 vester
597 1097 668 1177 qnid
693 1099 806 1177 profuit
828 1098 906 1181 urbi,

149 1184 224 1244 Cum
247 1184 324 1245 lovis
348 1185 384 1246 ad
408 1185 515 1247 solium
538 1195 641 1265 raptor
665 1187 814 1248 trabeatus
838 1188 961 1268 obisset,

149 1273 224 1333 Cum
247 1292 358 1352 poenas
381 1273 528 1336 scelerum
552 1284 646 1337 113313
670 1278 717 1337 vir
741 1285 836 1338 morte
860 1274 1025 1357 rependet?

148 1361 301 1423 Mensibus
324 1365 381 1424 iste
405 1363 511 1445 tribus,
535 1373 626 1426 totam
650 1367 701 1444 qni
725 1368 862 1427 concitus
885 1365 992 1426 urbem

148 1451 309 1533 Lustravit,
332 1459 426 1513 metas
449 1453 570 1514 tandem
594 1456 730 1534 pervenit
753 1454 788 1516 ed
814 1453 891 1515 nevi!

93 1554 129 1605 30
150 1540 232 1612 Quae
256 1540 313 1601 1311
335 1542 409 1602 haec
433 1541 531 1603 1311133
554 1539 666 1603 enimi?
691 1560 766 1622 qnae
790 1545 902 1604 insania
926 1540 1058 1605 mentis?

148 1629 261 1709 Nempe
284 1629 361 1691 Iovis
384 1638 513 1691 vestram
536 1639 639 1710 posset
662 1631 783 1693 turbere
808 1631 953 1712 quietem!
977 1666 1020 1676 -

148 1717 223 1789 Quis
246 1718 301 1780 tibi
323 1721 473 1780 iustitium
495 1721 631 1800 incussit,
655 1721 833 1800 pulcerrime
857 1718 972 1783 Romo?

149 1808 192 1868 Ad
217 1826 285 1887 suga
309 1808 516 1888 confugerent,
539 1808 667 1890 populas
692 1829 767 1889 qnae
791 1828 851 1871 non
874 1809 964 1871 habet
987 1807 1079 1872 olim?

194 1896 254 1957 Sed
277 1897 335 1958 1311
356 1899 388 1958 13
412 1900 502 1959 131113
525 1897 626 1960 nullus
650 1902 793 1961 sacratior
815 1899 875 1982 illo,

93 1997 129 2048 35
149 1975 245 2056 Quem
267 1985 362 2047 Numa
386 1985 557 2068 Pompilius,
581 2006 597 2048 3
621 1986 722 2049 multis
745 1991 861 2068 primns
885 2007 1023 2070 aruspex,

149 2074 278 2136 Edocnit
301 2094 375 2136 vano
400 2078 460 2136 ritu
484 2076 692 2156 pecudumque
716 2095 823 2139 cruore

150 2163 287 2225 Polluere
312 2158 478 2247 (insanum)
504 2164 600 2226 bustis
625 2166 801 2245 patentibus
825 2186 899 2229 3133.

115 2301 118 2308 .
148 2252 214 2313 Non
239 2255 303 2332 ipse
327 2264 381 2336 est,
405 2251 537 2335 †vinnm
559 2257 672 2334 patriae
696 2257 749 2334 qui
772 2256 903 2335 prodidit
926 2255 1005 2336 olirn,

149 2341 354 2422 Antiqnasque
378 2343 494 2423 domus,
517 2352 617 2405 turres
640 2362 674 2404 33
698 2351 776 2404 13313
799 2346 933 2423 priorum

93 2443 129 2494 40
149 2430 333 2492 subvertens
356 2431 425 2492 urbi
449 2431 629 2493 velletrum
653 2432 764 2493 1313113
788 2434 915 2512 ruinam,

221 2624 254 2672 28
273 2619 348 2673 urbii
366 2622 394 2674 P
441 2621 598 2690 praefectus
621 2626 659 2675 331
679 2622 848 2675 1113333333
868 2619 975 2689 (Herm.
990 2619 1041 2674 IV
1051 2621 1114 2689 360)

154 2690 250 2746 Virius
263 2691 449 2747 Nicomachus
463 2691 627 2747 Fluoiauus
645 2693 740 2747 333331
755 2709 780 2746 a.
796 2696 856 2760 394,
876 2691 993 2746 Morelio
1008 2691 1115 2746 Vettius

147 2762 272 2831 Aporius
290 2763 496 2832 Praetextatus,
520 2781 545 2817 3.
561 2768 614 2817 384
632 2770 658 2817 31
671 2763 828 2832 praefectus
846 2764 988 2831 praetorio
1011 2760 1114 2816 Italiac

147 2839 174 2888 31
200 2839 335 2899 mortuus,
363 2851 425 2888 curu
448 2836 480 2888 iu
502 2851 527 2887 a.
546 2838 598 2887 385
625 2836 683 2888 iam
707 2836 865 2905 deciperetur
886 2840 952 2889 esset
974 2835 1078 2889 333331.

148 2909 183 2957 26
203 2902 292 2968 Quem
310 2905 339 2958 P
373 2903 463 2969 Quom
486 2912 512 2959 et
529 2903 634 2972 ruptim
653 2906 775 2961 Eliisius
810 2907 908 2974 raptor
925 2907 1025 2974 scripsi
1056 2907 1114 2958 tre-

147 2975 250 3028 beatus
264 2976 400 3031 Moreiius
433 2975 540 3029 adisset
554 2976 700 3045 Hauptius
731 2977 839 3031 obisset
852 2977 967 3047 11133113
1000 2979 1114 3046 raptum

147 3047 287 3100 tractemus
306 3045 453 3100 abissetP
495 3051 529 3099 21
547 3049 678 3116 poenaP
706 3049 799 3101 113313
814 3049 887 3102 P==
903 3049 976 3103 13313
1009 3047 1115 3117 raptim

147 3117 287 3171 1133131133
302 3119 361 3187 (qui
375 3117 488 3171 ducitur
501 3134 581 3186 unco,
596 3120 691 3174 Ι3333.
708 3124 749 3188 10,
761 3121 805 3188 66)
820 3120 854 3188 ej.
867 3120 977 3185 Zieheu,
992 3120 1113 3172 11331333

147 3189 267 3241 mortem
292 3190 351 3243 eius
376 3195 486 3244 33331333
514 3196 593 3244 ratus
620 3207 687 3257 3333,
715 3192 795 3245 cuius
822 3207 921 3259 eorpus
944 3206 997 3258 per
1021 3190 1117 3244 3111331

146 3260 270 3316 trahitur
333 3261 479 3313 28131333
493 3261 521 3313 P
563 3262 653 3314 totam
675 3263 775 3330 scripsi
816 3263 909 3315 totum
934 3303 939 3315 .
960 3302 992 3313 ..
1018 3259 1114 3313 orbem

147 3330 332 3385 Mommseuus
369 3329 680 3386 2813311331333133Ρ
713 3337 746 3384 31
761 3332 870 3401 Nempe
883 3330 958 3385 Iouis
968 3330 1121 3399 Hauptius

147 3400 203 3455 Sed
218 3399 314 3455 iouiP
344 3401 452 3456 Seditio
467 3404 500 3456 31
516 3403 635 3458 Thomas
678 3409 711 3455 32
727 3402 799 3468 Quid
809 3404 950 3458 Baehrens
990 3406 1024 3456 36
1040 3418 1113 3454 uano

145 3471 205 3525 ritu
223 3472 261 3541 P;
290 3488 333 3526 -os
357 3490 402 3527 -us
421 3474 562 3536 Baehrens
606 3475 820 3544 paecudumque
840 3474 867 3528 P
935 3478 969 3526 31
989 3471 1120 3542 polluere·

146 3543 239 3598 Murci
278 3543 383 3612 polluit
401 3545 430 3598 P
466 3544 544 3598 busti
563 3546 592 3599 P
662 3550 695 3599 38
714 3562 817 3600 uenum
835 3543 958 3615 petriam
977 3545 1080 3616 Haupt

147 3619 183 3669 89
203 3613 375 3684 antiquaque
394 3617 423 3670 P
457 3616 503 3688 33]
523 3633 540 3670 3
559 3617 588 3671 Ρ
