2670 3920
213 199 278 267 '168
624 199 792 289 edamur

217 370 359 450 Quidque
384 371 473 430 etiam
496 367 634 429 manibus
657 369 769 430 nostris
792 385 852 428 non
874 366 963 429 dulce
986 364 1130 447 paratur?

216 459 278 521 Nos
304 459 429 519 facimus
451 456 564 537 populo
588 456 721 518 studiose
745 455 995 537 coptoplacentas,

217 548 280 610 Nos
304 548 420 626 adipata
444 546 558 628 damus,
581 565 637 607 nos
659 554 743 624 grata
767 547 908 625 canopica
930 544 1024 626 vobis,

218 636 358 698 Crustula
380 654 436 696 nos
459 634 543 716 lan03
567 652 693 715 sponsae
717 636 861 695 mustacia
884 637 979 696 mitto.

216 725 372 787 Noverunt
395 743 499 786 omnes
522 726 669 802 pistorum
694 722 791 785 dulcia
814 724 903 785 iacta:

216 814 372 877 Noverunt
395 812 482 875 multi
506 812 639 873 crudelia
661 813 747 874 facta.
762 831 912 875 cocorum.

217 903 264 965 'l'u
287 903 361 967 faois
384 904 417 963 in
440 901 574 963 tenebris
596 904 741 962 miserum
764 901 911 981 prandere
935 900 1108 981 Thyestem3

216 992 344 1055 Nescius
367 1000 402 1053 ut
425 990 543 1052 Tereus
563 998 659 1071 cenet,
683 992 765 1070 facie,
787 989 923 1071 inprobe,
946 1000 1063 1072 natum3

217 1081 264 1143 'l'u
287 1081 371 1162 iacis,
393 1082 425 1141 in
449 1080 526 1141 lucis
548 1088 583 1141 ut
606 1086 707 1140 cantet
729 1081 826 1139 tristis
848 1079 943 1140 aedon
1100 1128 1102 1133 ⁴

217 1170 390 1250 Maestaque
415 1168 470 1230 sub
495 1176 575 1230 tecto
599 1186 652 1228 sua
676 1176 845 1230 murmuret
868 1177 934 1229 acta
956 1167 1102 1230 oiseiidon.
1167 1221 1170 1225 .
1203 1180 1239 1229 no

218 1257 300 1319 Talia
324 1260 351 1319 si
373 1275 536 1337 numquam
560 1257 619 1317 ieci
643 1275 699 1317 neo
722 1256 791 1317 talia
815 1260 904 1336 suasi,

218 1346 331 1409 Ordine
355 1350 470 1426 primus
494 1363 554 1427 ero,
578 1346 686 1424 dignus
710 1364 798 1424 quem
823 1345 918 1425 palma
942 1342 1105 1426 sequatur?
1156 1346 1159 1349 ’

265 1435 416 1497 Conticuit
438 1437 543 1515 pistor.
585 1437 684 1514 eoepit
707 1452 798 1495 cocus
822 1435 926 1496 ordine
949 1437 1015 1516 fari,

219 1524 278 1587 Ora
302 1528 388 1604 niger
410 1524 519 1605 studio,
542 1524 649 1584 faciem
672 1533 805 1584 mutante
829 1523 938 1585 favilla:

220 1609 266 1674 ‘Si
288 1614 388 1675 verbis
412 1616 508 1691 pistor
531 1613 680 1673 damnavit
703 1614 768 1673 iura
792 1631 943 1693 cocorum,
1204 1627 1240 1676 66
1315 1646 1316 1659 2

202 1702 265 1764 itti
288 1721 326 1764 ne
349 1702 455 1763 credas
478 1701 599 1782 aitquid,
624 1704 693 1781 quia
716 1701 829 1780 fingere
853 1704 942 1782 novit,
1204 1716 1239 1764 66

219 1790 278 1862 Qui
301 1783 419 1871 semper
442 1788 545 1851 multis
568 1791 641 1851 dieit
664 1809 697 1850 se
719 1790 849 1851 vendere
872 1790 995 1868 fumum,
1205 1804 1240 1853 61

220 1879 286 1941 Stat
308 1881 361 1959 qui
384 1879 440 1940 sub
464 1897 535 1939 saxo
559 1881 645 1958 quasi
669 1878 815 1959 Sisyphus
838 1889 926 1960 atque
951 1879 1073 1961 laborat,

220 1968 355 2048 Denique
380 1970 432 2048 qui
455 1975 571 2029 tantum
594 1968 630 2029 de
655 1967 741 2029 melle
767 1978 797 2029 et
820 1968 930 2047 polline
953 1971 1038 2049 tingit

219 2056 279 2118 Has
303 2076 377 2137 quas
400 2059 490 2118 iactat
513 2075 594 2137 opes.
636 2055 723 2118 nobis
747 2075 822 2136 quae
846 2058 1069 2138 copia,dica1n.
1142 2072 1241 2138 6167
1315 2050 1316 2055 ¹

220 2146 299 2208 Silva
322 2147 401 2208 ieras
423 2145 538 2228 tribuit,
561 2148 660 2225 pisces
683 2164 764 2207 mare
788 2153 818 2207 et
841 2165 913 2207 aura
932 2147 1081 2227 -voirrores,
1204 2160 1240 2209 66

220 2235 276 2298 Dat
298 2238 400 2296 vinum
424 2228 571 2316 Bromius,
595 2235 691 2295 Pallas
713 2233 788 2296 mihi
809 2244 942 2315 praestat
964 2235 1079 2316 olivam,

220 2325 335 2404 Datque
359 2343 428 2385 sues
452 2324 599 2404 Calydona
623 2333 653 2385 et
676 2341 764 2402 saepe
789 2341 844 2402 ego
867 2325 973 2384 condio
997 2325 1138 2407 dammas,

221 2414 316 2494 Saepe
340 2415 428 2475 etiam
453 2413 557 2492 perdix
580 2415 657 2474 iacet
680 2422 710 2474 et
733 2411 876 2473 iunonius
902 2412 971 2494 ales,

223 2502 404 2564 Gemmatam
427 2504 527 2581 pionis
551 2501 656 2563 solitus
680 2502 845 2581 producere
869 2503 1002 2563 caudam.
1206 2518 1242 2567 '16

293 2714 327 2763 46
344 2708 454 2773 Quidue
468 2708 529 2762 AB
557 2707 657 2762 etiaB
700 2713 734 2760 47
749 2708 910 2777 populosB
939 2711 1035 2777 copto·
1050 2710 1185 2766 Heinsius

222 2782 325 2835 comte·
344 2781 373 2833 A
391 2782 515 2848 compto·
534 2780 562 2834 Β
652 2783 686 2831 48
706 2777 829 2847 adipada
848 2778 875 2831 A
915 2778 990 2832 fanis
1008 2782 1150 2836 Baetoeoo

222 2857 257 2906 49
272 2850 339 2906 Gaio
354 2851 492 2905 Boethius
527 2849 611 2903 mitta
631 2850 668 2915 A,
687 2866 755 2904 corr.
770 2850 809 2902 A¹
856 2855 889 2902 62
909 2848 994 2905 tieste
1013 2852 1041 2905 A
1077 2855 1185 2906 uertem

221 2924 250 2978 Β
334 2926 368 2974 66
386 2923 419 2973 ut
442 2921 516 2975 erius
540 2923 621 2975 cenet
643 2920 671 2973 Β
700 2919 776 2973 eenit
798 2921 840 2988 A,
854 2938 922 2975 corr.
938 2939 957 2976 a
1044 2928 1080 2976 64
1103 2927 1185 2977 canet

221 2993 251 3048 B
287 2990 360 3065 pdon
378 2990 406 3046 A
424 2990 497 3045 edon
514 2992 543 3046 Β
620 2996 653 3045 66
672 2993 826 3045 murmoret
844 2991 871 3045 A
907 2991 1019 3047 celidon
1037 2993 1185 3066 61666166-

218 3063 279 3117 'don
297 3063 326 3117 B
364 3072 370 3078 ·
411 3068 445 3116 68
471 3062 547 3132 oepit
565 3062 593 3117 A
654 3067 712 3115 69
740 3062 816 3116 Hora
840 3063 867 3117 A
911 3063 1016 3117 faciam
1044 3067 1077 3118 ut
1103 3067 1185 3119 tanta

222 3135 250 3189 Β
276 3132 378 3188 fannia
400 3135 429 3187 A
523 3139 557 3187 60
586 3131 616 3187 Si
643 3134 788 3187 ueruerbis
816 3134 858 3202 A,
878 3137 953 3190 'eorm
978 3153 997 3190 6
1050 3136 1185 3205 dampna·

222 3204 267 3260 uit
284 3207 313 3261 Β
385 3210 418 3258 62
438 3209 549 3259 antedi
569 3221 662 3260 censor
680 3206 890 3281 (o.15)posuii
962 3210 994 3259 61
1016 3205 1041 3259 si
1059 3207 1087 3261 Β
1123 3206 1186 3261 uin-

222 3312 288 3366 dere
306 3313 335 3365 A
426 3316 459 3364 63
478 3309 574 3364 sisifus
593 3311 653 3366 AB
698 3293 802 3365 libordt
820 3314 848 3365 A
932 3317 966 3366 64
983 3311 1098 3368 Denuee
1116 3313 1184 3382 AB,

221 3384 329 3438 6666666
414 3387 448 3436 66
467 3400 493 3449 q3
516 3381 578 3435 AB
627 3380 711 3451 capia
729 3382 757 3435 A
846 3388 880 3436 66
900 3382 1005 3437 Silinas
1023 3384 1060 3453 A,
1078 3402 1148 3441 corr.
1167 3402 1185 3438 o

222 3450 294 3506 fere·
312 3453 341 3506 A
390 3468 474 3505 aurae
493 3452 530 3519 A,
548 3468 616 3507 corr.
636 3471 655 3508 a
703 3453 829 3507 uoloores
849 3455 877 3506 A
962 3460 996 3507 67
1014 3456 1140 3525 promius
1157 3456 1186 3508 A

220 3522 314 3590 pellas
328 3523 389 3576 AB
425 3521 502 3576 olibd
516 3523 543 3576 A
598 3528 632 3577 68
651 3523 782 3578 calidona
796 3523 824 3577 A
845 3523 958 3578 celidon
975 3525 1004 3579 Β
1041 3529 1070 3580 66
1087 3544 1138 3582 oon.
1157 3529 1185 3581 Β

225 3592 352 3659 condicio
367 3593 395 3646 B
433 3594 527 3646 dtmrs
541 3593 570 3646 A
607 3594 679 3662 ΒΑ
697 3596 728 3648 e’o
746 3612 830 3664 rnorq.
896 3601 929 3648 76
948 3595 1144 3651 Gemmantem
1158 3597 1186 3651 Β
