2654 3926
203 201 268 265 278
605 199 770 256 CARMINA

245 369 291 430 'l'n
315 387 417 429 verum
442 387 549 429 nomen
573 367 775 428 membrorum
799 367 906 428 robore
931 369 1039 448 signas,

246 457 363 518 Alcides
387 457 462 518 collo
487 457 616 535 scapulis
639 460 754 518 cervice
779 456 906 536 lacertis,

245 547 423 607 Admirande
447 547 543 607 audax
567 546 650 607 velox
674 549 805 606 animose
830 554 939 625 parate.

245 635 372 708 Nilum
395 636 489 696 iorma
513 644 602 696 nocet
625 638 710 714 nigro
734 635 847 696 fuscata
872 634 980 695 colore.

247 725 296 785 Sic
320 725 449 785 ebenum
473 727 638 804 pretiosum
662 733 759 785 atrum
784 732 890 784 natura
913 726 1033 804 creavit,

245 813 382 893 Purpura
406 817 449 874 sic
472 811 607 893 †magno
632 813 771 892 depressa
795 816 825 872 in
851 815 963 872 murice
987 812 1089 893 fulget,

247 902 297 963 Sic
320 905 422 982 nigrae
446 903 539 963 violae
564 921 617 981 per
641 901 738 962 mollia
763 904 895 980 gramina
918 913 1051 980 vernant,

247 992 296 1052 Sic
320 1000 412 1052 tetras
437 992 580 1071 quaedam
605 991 782 1051 conmendat
804 994 898 1068 gralia
921 1009 1060 1069 gemmas,
1188 1002 1222 1052 10
1314 1022 1315 1059 r

247 1080 296 1141 Sic
321 1080 418 1159 placet
441 1079 585 1141 obscuros
609 1078 721 1140 elefans
744 1082 870 1139 inmanis
896 1079 932 1140 ad
957 1090 1049 1160 artus,
1314 1078 1315 1081 ’

247 1168 296 1229 Sic
321 1171 398 1229 luris
421 1171 593 1248 piperisque
616 1168 682 1228 Indi
705 1168 829 1246 nigredo
853 1168 1001 1247 plaoessit.

245 1257 433 1318 Postremum
458 1267 540 1318 tanto
564 1251 665 1336 populi
690 1259 854 1336 pulcrescis
877 1275 986 1336 amore,

246 1345 373 1407 Foedior
397 1356 442 1407 est
467 1356 611 1425 quantum
635 1347 759 1425 pulcher
783 1348 847 1406 sine
871 1345 984 1406 viribus
1008 1344 1091 1406 aller.

650 1540 717 1604 354

338 1637 378 1692 In
402 1636 597 1706 epitaphion
620 1652 724 1706 supro.
746 1635 863 1706 scripti
887 1635 1034 1705 Olympii

245 1754 373 1814 Venator
396 1755 527 1816 iucunde
551 1758 640 1816 nimis
664 1766 753 1835 alque
777 1765 841 1815 arte
865 1756 996 1816 serarum
1127 1769 1223 1837 p.179
1316 1746 1317 1779 l

246 1842 339 1923 Saepe
363 1844 492 1923 placens,
516 1843 600 1922 agilis
624 1854 727 1923 gratus
751 1845 932 1905 fortissimus
956 1844 1059 1924 audax,

246 1931 304 2003 nui
327 1951 401 2011 puer
425 1933 460 1992 ad
485 1937 607 1993 iuvenes
631 1932 700 1994 dum
726 1952 784 1993 non
810 1934 956 1994 advixeris
980 1952 1082 2013 annos,

246 2021 351 2081 Omnia
375 2029 493 2082 maturo
517 2021 676 2101 conplebas
700 2023 776 2082 iacta
801 2022 911 2084 labore.

246 2109 304 2181 nur
326 2111 398 2171 licet
421 2129 457 2171 ex
480 2113 601 2189 propria
625 2111 742 2190 populis
766 2110 841 2171 bene
865 2111 951 2171 laude
975 2109 1117 2188 placeres
1206 2124 1222 2171 o

245 2199 422 2259 Praestabas
446 2199 520 2281 aliis,
545 2208 577 2260 ul
602 2208 702 2260 lenum
726 2202 846 2260 vincere
870 2209 1001 2279 possent.

245 2288 398 2368 Tantaque
423 2289 572 2349 mirandae
597 2289 716 2349 inerant
740 2289 794 2350 nbi
818 2291 949 2367 praemia
973 2289 1093 2367 formae,

245 2376 282 2438 Vt
305 2388 335 2438 te
358 2387 426 2457 post
450 2379 543 2438 iatum
567 2379 694 2438 timeant⁴
714 2378 894 2458 laudemque
919 2377 1043 2437 sodales.

273 2535 289 2583 3
308 2547 375 2585 uero
389 2532 427 2599 A,
445 2548 514 2586 eorr.
530 2531 678 2600 Kluppe'us
745 2537 761 2586 5
781 2529 948 2584 Admirandi
961 2530 989 2584 A
1054 2535 1070 2583 6
1088 2528 1168 2583 Nihil

201 2601 229 2655 A
265 2601 366 2670 fugata
384 2605 422 2670 A,
439 2618 508 2658 corr.
527 2602 561 2657 L.
582 2602 736 2658 Muellerus
757 2602 855 2656 furata
873 2623 892 2656 α
945 2600 1168 2674 ibenfiprpoio·

202 2689 248 2727 ses
263 2718 269 2729 .
284 2675 424 2727 uenatore
451 2673 560 2727 ereabil
586 2673 627 2740 A,
650 2691 719 2729 corr.
743 2675 885 2729 Baehrens
911 2673 1037 2742 pretiosa
1060 2671 1168 2740 Syenae

200 2747 277 2797 terro
295 2745 443 2814 Haupu'ue
469 2743 595 2814 pretiosa
619 2743 675 2798 sibi
694 2766 713 2799 α
749 2750 775 2814 Η
797 2748 827 2815 (u'.
846 2761 869 2800 e.
894 2744 1122 2813 requirendum)
1140 2743 1168 2797 A

200 2818 233 2870 iu
250 2833 335 2886 marp.
391 2821 408 2868 8
425 2832 530 2883 magno
547 2815 575 2870 A
592 2815 674 2884 nigro
693 2816 839 2886 Hauptius
857 2822 883 2871 et
901 2816 934 2869 K
937 2817 1064 2884 loppr'us;
1083 2830 1167 2868 oaeoo

200 2888 303 2942 malim.
341 2886 474 2955 depresso
488 2891 515 2940 A
533 2902 596 2939 -nsa
611 2888 774 2943 Seleubertus
815 2885 946 2956 {Agranis
960 2888 989 2940 A
1027 2890 1060 2939 10
1078 2887 1167 2939 tetras

201 2958 229 3011 A
248 2959 324 3011 atras
340 2957 485 3027 Haupu'us
499 2964 524 3012 et
538 2958 571 3011 K
573 2959 694 3027 luppu'us,
707 2961 754 3014 sed
766 2959 831 3014 uide
845 2975 867 3014 e.
882 2962 971 3022 35⁰‚4
1008 2963 1040 3010 11
1061 2956 1168 3010 elelans

200 3030 240 3083 sie
253 3027 281 3082 A
318 3028 474 3098 adscripsi
492 3030 540 3097 (ef.
559 3032 682 3099 354,12)
701 3046 739 3083 an
758 3031 785 3083 A
803 3029 833 3082 in
851 3030 935 3101 uulpo
1005 3033 1038 3081 12
1057 3027 1168 3096 indigni

201 3099 284 3153 oredo
303 3098 438 3168 plaeessit
456 3101 497 3167 A,
520 3116 589 3155 corr.
608 3103 665 3170 (sed
683 3101 830 3170 plaoesoit)
850 3119 875 3155 a.
913 3100 961 3155 Ad
978 3097 1115 3168 placessil
1132 3101 1167 3165 cf.

206 3171 358 3238 Woelfflin.
372 3172 455 3226 Areu.
473 3177 496 3239 1,
512 3175 563 3224 515
620 3176 652 3225 13
671 3172 808 3242 puloresis
822 3171 850 3225 A
868 3170 991 3225 florescis
1010 3171 1151 3225 Baehrens

203 3247 236 3294 14
254 3241 276 3294 F
295 3240 357 3295 dior
374 3243 402 3296 A
437 3242 535 3310 pulcer
553 3241 581 3295 A

272 3260 340 3367 lou.
358 3313 391 3366 In
410 3313 544 3382 epitafion
563 3315 592 3367 εἴ
611 3312 711 3382 olimpi
727 3314 755 3368 A
811 3314 911 3383 ladq3
925 3314 954 3368 A
990 3310 1046 3365 arti
1059 3312 1087 3366 A
1103 3313 1168 3381 apte

201 3382 235 3436 L.
256 3383 376 3438 Mueller
421 3383 567 3452 usagillis
586 3384 691 3452 gradus
710 3387 738 3438 A
786 3385 937 3438 3iubenes
956 3384 983 3438 A
1017 3382 1168 3436 adunxeris

202 3452 239 3519 A,
257 3470 326 3508 corr.
346 3455 495 3523 Kloppu'us
544 3454 640 3526 uQue
660 3456 688 3509 A
723 3454 837 3525 populis
855 3473 906 3510 oue.
926 3456 963 3522 A,
982 3456 1046 3509 add.
1065 3456 1098 3508 r'u
1116 3471 1167 3523 mp.

202 3540 288 3578 uranu
305 3540 373 3577 soen.
391 3530 448 3589 sere
463 3525 532 3578 XII
547 3527 656 3593 (manu
676 3525 877 3593 semiantiqua'
898 3544 949 3597 urp.
970 3527 1027 3579 cod.
1043 3524 1133 3593 Lero.)

202 3596 220 3643 6
239 3595 267 3645 le
285 3609 343 3646 non
361 3595 519 3665 Petscheur'y
574 3600 590 3648 8
609 3596 736 3664 laudem,
756 3599 793 3665 A,
805 3597 894 3652 reete?
