2672 3924
194 180 261 249 ato
598 176 765 232 causamn

239 349 363 426 Accepit
386 363 492 424 magno
517 344 679 406 deductum
701 343 797 405 Nerea
821 342 915 404 fluctu

284 436 403 516 Perque
426 434 503 496 latus
527 435 608 495 misit
631 435 757 494 maxima
781 432 857 493 bella
881 450 978 494 suum.

241 525 303 587 Sub
327 533 410 586 tanto
435 523 551 584 subitae
575 532 742 584 sonuerunt
765 522 899 601 pondere
923 521 1043 601 classes,

285 612 449 675 Caeruleus
472 631 545 673 cana
569 611 625 674 sub
648 614 716 672 nive
738 618 850 690 pontus
874 620 947 671 erat.
970 642 1015 653 -

240 703 321 764 Idem
346 703 496 763 commisit
519 701 607 780 longo
631 701 690 762 duo
714 699 800 760 litora
825 708 916 778 ponte

284 790 405 868 Xerses,
430 797 460 850 et
484 791 554 851 iecit
576 808 632 869 per
655 807 736 850 mare
761 789 845 849 miles
868 791 935 851 iter.
959 821 1001 831 —

240 879 334 951 Quale
359 880 415 940 luit
439 898 572 960 regnum,
598 878 708 939 mundo
732 896 807 938 nora
830 896 943 957 ponere
967 876 1045 939 iura!

287 964 362 1029 ‘Hoc
385 977 483 1029 terrae
507 970 566 1048 fiat,
590 967 645 1028 hae
668 961 762 1027 mare'
786 967 861 1027 dixit
884 960 965 1029 ‘eat'.

143 1231 170 1272 Β.
178 1231 205 1272 ΙΙ
216 1232 261 1271 1111.
646 1195 712 1259 462

145 1284 265 1378 {iiic
483 1313 532 1366 ne
554 1309 646 1366 mmo
669 1310 752 1365 eam
774 1309 882 1365 civilis

198 1431 326 1492 Venerat
349 1430 446 1490 Eoum
469 1432 606 1509 quatiens
628 1429 777 1490 Antonius
800 1429 903 1490 orbem

242 1519 280 1580 Et
303 1520 463 1581 coniuncta
488 1521 551 1579 suis
573 1517 710 1578 Parthica
735 1520 818 1596 signa
841 1536 958 1597 gerens,

197 1608 392 1688 [letalemque
410 1617 520 1687 petens
544 1607 667 1667 Romam
691 1606 845 1685 Cleopatra
869 1607 997 1687 Canopo.

242 1697 318 1758 llinc
344 1695 508 1774 Capitolino
532 1698 621 1757 sistra
645 1698 754 1757 minata
777 1695 847 1775 lori,

197 1786 274 1848 Hinc
297 1788 409 1846 invicta
432 1785 487 1845 deo
511 1784 622 1846 fidebat
645 1784 770 1845 Caesare
794 1784 895 1864 Roma,
1202 1798 1219 1847 o

243 1875 325 1947 Quae
350 1883 422 1935 tunc
446 1892 539 1952 paene
563 1892 618 1934 suo
642 1872 775 1952 pondere
799 1873 880 1952 lapsa
904 1877 973 1935 ruit.

197 1964 321 2025 Deserta
347 1973 393 2023 est
416 1962 514 2041 tellus,
537 1961 641 2023 classis
665 1970 839 2023 contexerat
862 1981 982 2043 aequor,

243 2053 350 2115 Omnia
373 2054 513 2130 permixti
536 2051 624 2130 plena
648 2053 759 2112 furoris
783 2060 877 2113 erant.
1072 2063 1121 2129 fot,
1137 2065 1217 2119 98u.

197 2142 356 2203 Fratribus
380 2142 439 2202 heu
464 2142 580 2221 iratres,
604 2140 739 2219 patribus
763 2159 944 2201 concurrere
969 2148 1053 2200 natos

244 2231 339 2310 lmpia
363 2248 429 2291 sors
452 2228 522 2290 belli
545 2231 663 2309 lataque
687 2248 772 2290 saeva
795 2229 910 2291 iubent.
1184 2230 1219 2291 ll>

197 2319 253 2381 llic
276 2338 434 2399 generum,
462 2337 601 2380 socerum
624 2319 673 2379 ille
696 2320 784 2399 petit,
813 2321 994 2398 minimeque
1018 2325 1163 2378 cruentus

243 2408 300 2480 Qui
326 2410 390 2486 luit,
415 2407 468 2487 [is]
494 2426 616 2487 sparsus
641 2409 784 2486 sangnine
808 2409 881 2468 civis
906 2417 977 2468 erat.

197 2580 340 2668 Maevius,
364 2605 379 2646 a
403 2588 510 2647 castris
534 2584 619 2646 miles
643 2585 826 2665 melioribuS,
849 2604 941 2646 ausus

242 2675 389 2737 Hostilem
414 2675 490 2735 saltu
514 2677 710 2754 praecipitare
733 2682 838 2754 ratem,

270 2869 286 2918 8
311 2863 399 2918 fluctu
421 2862 504 2918 uultu
526 2864 554 2918 V
636 2861 778 2931 tmissil,
800 2864 848 2918 sed
865 2879 945 2931 coru,
969 2864 996 2918 V
1040 2862 1118 2917 bella
1141 2863 1168 2917 V

197 2935 263 2993 uela
281 2935 419 2991 Schrader
499 2939 515 2988 6
534 2950 620 2988 cenes
644 2935 671 2989 V
744 2939 764 2988 7*
779 2932 915 2996 comissit.
932 2935 980 2989 sed
997 2950 1075 3001 coru,
1100 2935 1127 2989 V

198 3007 332 3060 8Zerses
357 3008 420 3070 (sic)
443 3006 471 3060 V
516 3007 546 3059 et
564 3004 659 3060 effecit
682 3005 713 3073 V,
736 3022 804 3061 corr.
834 3005 957 3076 Scaliper
1006 3004 1081 3058 milis
1106 3005 1133 3059 V

199 3081 234 3132 10
251 3079 329 3131 terra
353 3077 380 3131 V
394 3078 487 3131 terrae
507 3077 631 3148 Scaliper
652 3075 706 3129 Hic
724 3078 816 3131 terrae
834 3075 906 3130 fiant
925 3077 1050 3146 Toupiua
1086 3091 1119 3130 ac
1143 3076 1170 3131 V

198 3147 284 3203 dixitz
304 3150 386 3203 erent
403 3148 429 3203 Ι.
449 3147 486 3202 F.
508 3147 667 3203 Grououe'ua
836 3163 839 3168 ·

270 3218 339 3274 462.
354 3221 390 3285 cf.
405 3219 580 3290 Aupuste'uue
594 3221 627 3274 de
639 3221 693 3274 eiu.
709 3219 754 3274 dei
767 3219 849 3273 1125
888 3224 902 3271 1
918 3217 1020 3290 Eoum]
1036 3226 1100 3274 o'eu.
1115 3235 1164 3274 nec.

198 3291 347 3345 incasura
362 3290 389 3344 V
439 3288 573 3344 2suisuis
588 3290 615 3344 V
648 3289 886 3345 ferensHeiuee'us
940 3289 1008 3343 eut
1022 3289 1057 3345 L.
1074 3290 1166 3345 Muel-

200 3361 273 3415 lerus
290 3360 346 3415 Hic
364 3359 518 3430 capitolino
537 3365 582 3427 (ca
600 3378 634 3415 ex
652 3378 721 3416 corr.
739 3378 773 3415 ue.
793 3362 824 3429 2)
844 3361 881 3415 Vv
921 3365 937 3414 6
955 3359 1014 3415 ruit
1031 3360 1166 3416 Heinsius

199 3429 256 3484 fuit
280 3432 307 3486 V
356 3436 387 3483 11
407 3430 457 3485 ille
476 3432 609 3503 Scaliper]
629 3449 656 3500 q.
675 3432 708 3495 V,
727 3448 762 3486 ue
779 3432 952 3501 Oudendorp.
1009 3437 1042 3485 12
1061 3430 1086 3484 is
1100 3433 1164 3487 udal.

200 3500 234 3555 L.
255 3501 407 3557 Muellerus
424 3501 471 3555 hic
489 3504 631 3557 Baehreue
676 3502 826 3571 adspersus
845 3504 980 3558 Heinsius
1026 3501 1080 3557 erit
1103 3503 1130 3557 V

202 3575 234 3623 13
252 3570 365 3625 Meuius
389 3571 415 3625 V
448 3572 583 3626 ecastris
602 3574 733 3643 Klotu'us
777 3578 823 3627 ‚14
842 3572 931 3627 saltus
955 3574 983 3628 V
