2646 3920
522 181 728 239 PRAEFATIO
1015 181 1106 236 XXXI

142 368 175 409 se
194 356 265 427 post
283 351 434 429 Nasonem
456 349 485 409 b.
505 368 530 410 e.
554 367 586 410 se
605 349 722 410 Nasone
744 349 916 410 inferiorem
940 368 1016 411 esse.
1052 349 1106 410 llis

141 446 203 499 tam
228 439 341 499 lrirolis
365 438 531 499 rationibus
556 438 627 499 solis
650 456 724 517 qtras
747 457 783 499 ex
807 438 881 500 locis
905 441 1007 517 paucis
1030 439 1105 499 male

142 526 302 588 intellectis
322 527 415 607 duxit,
439 546 537 607 neque
556 527 624 588 ullis
644 528 709 588 aliis
728 546 796 588 cum
812 526 986 588 Baehrensii
1006 529 1105 607 opinio

141 611 295 696 innitatur,
323 616 402 677 haud
428 635 504 696 opus
527 625 574 677 est
596 618 693 677 fusius
717 617 753 677 de
778 635 812 677 ea
836 615 998 697 disserere,
1021 634 1106 695 prae·

142 707 244 765 sertim
269 724 337 767 cum
362 713 392 766 et
415 723 469 785 per
493 724 525 766 se
552 707 609 766 isla
633 701 799 766 ‘Octaviani
822 700 1001 784 anthologia'
1026 706 1106 765 omni

142 792 349 872 probabilitate
369 802 477 855 careat.
504 794 601 856 Pauca
621 801 719 855 tamen
738 795 872 855 addenda
892 804 969 854 sunl.
998 793 1105 865 Quam-

141 901 230 962 quam
259 878 382 944 ‘densas
410 883 550 944 tenebras
578 901 644 944 esse
675 884 711 944 de
740 885 839 962 operis
867 878 1005 944 exordio’
1035 880 1105 959 [sic]

140 991 169 1051 p.
189 969 231 1033 33
256 972 337 1053 dicit,
360 981 459 1033 tamen
484 974 621 1051 qrroniam
643 979 757 1033 veteres
781 979 884 1052 poetas
903 972 1051 1032 Romanos
1075 973 1105 1030 in

140 1063 241 1139 priore
264 1072 348 1141 parte
373 1061 465 1122 luisse
492 1070 617 1141 propter
644 1061 693 1121 illa
714 1069 783 1139 post
806 1066 932 1122 arritum
955 1063 1106 1121 Nasonem

141 1149 199 1210 sibi
231 1153 393 1230 persuasit,
421 1150 529 1211 borum
559 1169 677 1230 quoque
710 1151 845 1211 ordinem
878 1168 910 1210 se
941 1150 1105 1228 disperisse

141 1248 239 1318 putat:
267 1239 405 1300 Ovidium
433 1240 475 1299 ibi
499 1240 605 1321 luisse,
636 1248 700 1300 ttrm
725 1239 868 1300 Senecam
892 1246 981 1317 atque
1004 1238 1105 1299 Petro·

141 1331 238 1408 nium,
262 1347 297 1389 ex
322 1327 430 1406 uiribus
450 1348 474 1389 c.
494 1325 670 1390 396-479
694 1330 726 1389 in
748 1329 774 1386 V
794 1327 967 1409 deduxisse3
1000 1326 1106 1387 deinde

140 1416 292 1478 Martialea
321 1411 372 1500 (cl.
401 1418 519 1479 codices
546 1412 629 1500 BV)
660 1427 694 1489 et
718 1417 878 1478 Caesarum
904 1416 1106 1476 Romanorum

141 1508 273 1566 carmina
300 1516 331 1567 et
358 1504 470 1567 Versus
498 1505 553 1566 llll
583 1508 751 1586 sapientum
774 1514 805 1566 et
827 1504 1007 1585 Vergiliana,
1035 1523 1106 1583 quo-

141 1613 209 1655 rum
233 1594 336 1655 ultima
360 1613 426 1656 esse
450 1604 593 1656 centones
615 1594 800 1674 Vergilianus
823 1613 848 1654 c.
870 1591 987 1655 7-18.
1028 1592 1106 1664 Quo-

141 1702 209 1744 rum
229 1684 291 1745 lere
310 1684 443 1745 oninium
463 1684 605 1763 quaedam
625 1686 655 1745 in
675 1687 701 1745 Α
720 1692 821 1744 extare
840 1682 1002 1743 inalienos
1025 1681 1107 1742 locos

142 1772 271 1834 detrusa.
317 1772 397 1833 Haec
421 1772 619 1833 Raebrensius
650 1792 709 1834 non
733 1771 882 1854 probavit,
911 1771 962 1832 sed
994 1773 1106 1852 posuit;

141 1863 244 1923 charta
272 1865 365 1942 enim,
394 1870 428 1923 ut
454 1864 551 1942 aiunl,
579 1865 692 1941 patitur
722 1865 828 1923 omnia.
875 1860 1014 1922 Ceterum
1038 1879 1107 1921 cum

141 1951 283 2032 syllogam
313 1945 498 2013 ‘Octaviani'
527 1951 606 2012 illius
634 1951 851 2012 adulescentuli
878 1968 947 2010 vere
977 1951 1106 2028 ingentis

140 2040 355 2119 magnitudinis
383 2041 476 2101 luisse
505 2041 596 2121 dicat,
628 2059 697 2101 nam
729 2047 760 2100 et
787 2043 819 2099 in
851 2039 987 2118 partibus
1018 2037 1106 2098 bodie

141 2131 267 2190 servatis
290 2128 383 2190 multa
406 2133 436 2190 in
457 2132 483 2190 Α
503 2130 648 2191 excidisse
671 2139 752 2190 recte
773 2136 884 2208 censet,
908 2147 943 2188 ex
968 2130 1106 2206 opinione

141 2221 207 2279 eius
235 2221 371 2298 sequitur
399 2226 433 2279 ut
461 2237 657 2298 quaecunque
687 2220 832 2297 poematia
862 2226 962 2277 vetera
992 2219 1106 2276 minora

141 2314 269 2368 aetatem
297 2308 444 2387 tulerunt,
478 2326 511 2368 ea
544 2308 606 2367 lere
635 2310 732 2368 omnia
766 2325 802 2367 ex
832 2305 985 2367 Octaviani
1017 2322 1106 2383 opere

142 2397 299 2476 desumpta
323 2399 397 2458 sint:
426 2415 483 2475 qua
508 2397 646 2475 opinione
671 2398 779 2455 mirum
804 2413 891 2473 quam
916 2411 1004 2473 saepe
1029 2393 1106 2453 deci-

141 2488 233 2565 pitur.
274 2484 402 2546 Omnino
430 2484 479 2546 ille
503 2484 624 2545 audacia
649 2495 679 2544 el
702 2485 870 2544 temeritate
900 2485 947 2542 rix
972 2481 1106 2542 credibili

141 2584 308 2656 grassatur,
336 2576 424 2634 ouius
450 2574 597 2653 exempla,
630 2592 697 2633 cum
727 2573 858 2632 refutare
889 2589 953 2631 eam
982 2570 1107 2650 taedeat,

142 2681 236 2742 pauca
265 2664 397 2724 afferam:
430 2662 494 2742 lege
525 2665 552 2722 si
579 2662 677 2741 placet
705 2660 791 2721 PLM
819 2659 856 2721 lv
884 2680 912 2740 p,
934 2657 975 2721 14
1002 2659 1053 2721 lin.
1073 2657 1107 2740 ὃς

145 2749 280 2832 15,13;
317 2749 359 2813 29
384 2752 464 2832 adn.;
497 2749 634 2831 38,18;
671 2747 805 2828 51,14.
852 2748 973 2810 Scilicet
1001 2742 1117 2808 melius

143 2852 190 2902 est
213 2837 302 2901 ‘ultra
326 2841 411 2901 obvia
435 2859 495 2900 non
519 2837 693 2919 procedere’
719 2858 806 2919 quam
830 2841 862 2900 in
886 2857 919 2898 ea
943 2838 1053 2917 sylloga
1077 2840 1108 2898 in
1216 2862 1218 2866 ·

144 2949 202 3010 qua
226 2929 385 3009 pleraeque
409 2932 549 3009 rationes,
574 2947 646 3008 qrras
670 2947 724 2989 uos
749 2928 868 3008 quidem
892 2927 980 2988 bodie
1004 2945 1108 3007 possu-

142 3038 210 3080 mus
234 3021 387 3097 suspicere
411 3018 458 3079 vel
482 3020 665 3098 excogitare,
693 3037 748 3078 nos
779 3017 883 3078 fallunt
906 3024 994 3095 atque
1019 3016 1107 3076 desti·

143 3117 246 3190 luunt,
275 3107 319 3168 vel
343 3107 544 3169 occultissima
569 3125 623 3168 nos
646 3125 734 3187 posse
758 3108 859 3166 rimari
884 3105 974 3166 stulta
997 3106 1108 3165 iactare

143 3198 330 3259 confidentia.
386 3195 424 3257 lli
456 3196 599 3275 Peiperus
633 3196 766 3276 quidem,
798 3205 832 3256 ut
864 3192 999 3272 exemplo
1032 3202 1107 3273 utar,

143 3304 211 3347 cum
240 3293 270 3346 et
296 3288 361 3364 ipse
389 3304 464 3347 mus.
493 3285 577 3345 rhen.
600 3284 696 3345 xxxi
717 3282 781 3346 183
791 3302 854 3362 sqq.
879 3301 911 3343 se
934 3289 1035 3361 partes
1058 3281 1107 3342 de·

142 3375 275 3455 perditas
299 3377 459 3435 restituere
482 3392 571 3453 posse
594 3383 688 3454 putat,
711 3373 798 3452 longe
821 3373 876 3432 alia
900 3390 934 3431 ac
956 3369 1108 3431 Baehrens

143 3483 175 3524 se
200 3464 349 3543 dispicere
368 3473 483 3526 censet:
507 3463 519 3523 l
538 3462 693 3543 Epitaphia
713 3462 961 3541 Pompeianorum
984 3478 1018 3520 ac
1038 3459 1108 3521 Cae-

143 3555 220 3615 saris
243 3553 355 3635 laudes,
378 3552 405 3613 ll
425 3553 578 3634 Senecam,
601 3552 642 3613 lll
662 3552 785 3632 elegiam
804 3549 841 3610 de
861 3567 923 3632 spe,
946 3548 983 3608 lV
997 3548 1108 3611 leviora
