<?xml version="1.0" encoding="UTF-8"?>
<!DOCTYPE html PUBLIC "-//W3C//DTD XHTML 1.0 Transitional//EN"
    "http://www.w3.org/TR/xhtml1/DTD/xhtml1-transitional.dtd">
<html xmlns="http://www.w3.org/1999/xhtml" xml:lang="en" lang="en">
 <head>
  <title>
</title>
<meta http-equiv="Content-Type" content="text/html;charset=utf-8" />
  <meta name='ocr-system' content='tesseract 3.04.00' />
  <meta name='ocr-capabilities' content='ocr_page ocr_carea ocr_par ocr_line ocrx_word'/>
</head>
<body>
  <div class='ocr_page' id='page_1' title='image "./anthologialatin02lommgoog_0296.png"; bbox 0 0 2654 3926; ppageno 0'>
   <div class='ocr_carea' id='block_1_1' title="bbox 425 222 1109 288">
    <p class='ocr_par' dir='ltr' id='par_1_1' title="bbox 425 222 1109 288">
     <span class='ocr_line' id='line_1_1' title="bbox 425 222 1109 288; baseline 0.015 -10"><span class='ocrx_word' id='word_1_1' title='bbox 425 222 564 278; x_wconf 80' lang='lat' dir='ltr'><strong>OODICIS</strong></span> <span class='ocrx_word' id='word_1_2' title='bbox 584 222 812 279; x_wconf 79' lang='lat' dir='ltr'><strong>SALMASIANI.</strong></span> <span class='ocrx_word' id='word_1_3' title='bbox 1039 223 1109 288; x_wconf 74' lang='lat'>225·</span> 
     </span>
    </p>
   </div>
   <div class='ocr_carea' id='block_1_2' title="bbox 519 437 726 503">
    <p class='ocr_par' dir='ltr' id='par_1_2' title="bbox 519 437 726 503">
     <span class='ocr_line' id='line_1_2' title="bbox 519 437 726 503; baseline 0.005 -1"><span class='ocrx_word' id='word_1_4' title='bbox 519 437 583 503; x_wconf 89' lang='lat' dir='ltr'>VII</span> <span class='ocrx_word' id='word_1_5' title='bbox 606 438 726 503; x_wconf 84' lang='lat' dir='ltr'>Fumus</span> 
     </span>
    </p>
   </div>
   <div class='ocr_carea' id='block_1_3' title="bbox 140 566 1074 827">
    <p class='ocr_par' dir='ltr' id='par_1_3' title="bbox 140 566 1074 827">
     <span class='ocr_line' id='line_1_3' title="bbox 140 566 1074 649; baseline 0 -20"><span class='ocrx_word' id='word_1_6' title='bbox 140 568 218 630; x_wconf 86' lang='lat' dir='ltr'><strong>Sunt</strong></span> <span class='ocrx_word' id='word_1_7' title='bbox 241 568 322 649; x_wconf 87' lang='lat' dir='ltr'><strong>mth,</strong></span> <span class='ocrx_word' id='word_1_8' title='bbox 346 578 416 629; x_wconf 89' lang='lat' dir='ltr'>sunt</span> <span class='ocrx_word' id='word_1_9' title='bbox 439 567 587 648; x_wconf 78' lang='lat' dir='ltr'><strong>lacrimae,</strong></span> <span class='ocrx_word' id='word_1_10' title='bbox 611 567 663 627; x_wconf 85' lang='lat' dir='ltr'>sed</span> <span class='ocrx_word' id='word_1_11' title='bbox 687 585 747 628; x_wconf 92' lang='lat' dir='ltr'>non</span> <span class='ocrx_word' id='word_1_12' title='bbox 771 575 817 627; x_wconf 89' lang='lat' dir='ltr'>est</span> <span class='ocrx_word' id='word_1_13' title='bbox 840 586 929 628; x_wconf 86' lang='lat' dir='ltr'>cansa</span> <span class='ocrx_word' id='word_1_14' title='bbox 953 566 1074 630; x_wconf 87' lang='lat' dir='ltr'>doloris.</span> 
     </span>
     <span class='ocr_line' id='line_1_4' title="bbox 141 655 971 738; baseline 0.001 -21"><span class='ocrx_word' id='word_1_15' title='bbox 141 658 195 719; x_wconf 84' lang='lat' dir='ltr'>Est</span> <span class='ocrx_word' id='word_1_16' title='bbox 217 659 275 718; x_wconf 87' lang='lat' dir='ltr'>iter</span> <span class='ocrx_word' id='word_1_17' title='bbox 299 657 336 717; x_wconf 88' lang='lat' dir='ltr'>ad</span> <span class='ocrx_word' id='word_1_18' title='bbox 360 657 483 738; x_wconf 87' lang='lat' dir='ltr'>caelum,</span> <span class='ocrx_word' id='word_1_19' title='bbox 507 656 559 717; x_wconf 90' lang='lat' dir='ltr'>sed</span> <span class='ocrx_word' id='word_1_20' title='bbox 584 675 630 716; x_wconf 88' lang='lat' dir='ltr'>me</span> <span class='ocrx_word' id='word_1_21' title='bbox 653 658 751 735; x_wconf 79' lang='lat' dir='ltr'>gravis</span> <span class='ocrx_word' id='word_1_22' title='bbox 775 655 889 735; x_wconf 86' lang='lat' dir='ltr'>inpedit</span> <span class='ocrx_word' id='word_1_23' title='bbox 912 663 971 732; x_wconf 74' lang='lat' dir='ltr'>adr,</span> 
     </span>
     <span class='ocr_line' id='line_1_5' title="bbox 140 746 954 827; baseline 0 -20"><span class='ocrx_word' id='word_1_24' title='bbox 140 746 179 807; x_wconf 87' lang='lat' dir='ltr'>Et</span> <span class='ocrx_word' id='word_1_25' title='bbox 203 749 254 827; x_wconf 90' lang='lat' dir='ltr'>qni</span> <span class='ocrx_word' id='word_1_26' title='bbox 277 764 323 806; x_wconf 91' lang='lat' dir='ltr'>me</span> <span class='ocrx_word' id='word_1_27' title='bbox 347 748 459 826; x_wconf 78' lang='lat' dir='ltr'>genuit,</span> <span class='ocrx_word' id='word_1_28' title='bbox 483 748 547 806; x_wconf 82' lang='lat' dir='ltr'>siue</span> <span class='ocrx_word' id='word_1_29' title='bbox 571 764 618 806; x_wconf 87' lang='lat' dir='ltr'>me</span> <span class='ocrx_word' id='word_1_30' title='bbox 642 763 702 806; x_wconf 90' lang='lat' dir='ltr'>non</span> <span class='ocrx_word' id='word_1_31' title='bbox 725 747 859 806; x_wconf 86' lang='lat' dir='ltr'>nascitur</span> <span class='ocrx_word' id='word_1_32' title='bbox 881 748 954 826; x_wconf 89' lang='lat' dir='ltr'>ipse.</span> 
     </span>
    </p>
   </div>
   <div class='ocr_carea' id='block_1_4' title="bbox 506 953 740 1020">
    <p class='ocr_par' dir='ltr' id='par_1_4' title="bbox 506 953 740 1020">
     <span class='ocr_line' id='line_1_6' title="bbox 506 953 740 1020; baseline 0.004 -1"><span class='ocrx_word' id='word_1_33' title='bbox 506 953 588 1020; x_wconf 91' lang='lat' dir='ltr'><strong>VIII</strong></span> <span class='ocrx_word' id='word_1_34' title='bbox 610 954 740 1020; x_wconf 82' lang='lat' dir='ltr'>Nebula</span> 
     </span>
    </p>
   </div>
   <div class='ocr_carea' id='block_1_5' title="bbox 83 1065 1036 1324">
    <p class='ocr_par' dir='ltr' id='par_1_5' title="bbox 83 1065 1036 1324">
     <span class='ocr_line' id='line_1_7' title="bbox 140 1065 963 1147; baseline -0.001 -19"><span class='ocrx_word' id='word_1_35' title='bbox 140 1067 205 1128; x_wconf 84' lang='lat' dir='ltr'>Nox</span> <span class='ocrx_word' id='word_1_36' title='bbox 229 1085 283 1146; x_wconf 85' lang='lat' dir='ltr'>ego</span> <span class='ocrx_word' id='word_1_37' title='bbox 308 1085 375 1127; x_wconf 89' lang='lat' dir='ltr'>snm</span> <span class='ocrx_word' id='word_1_38' title='bbox 399 1068 482 1147; x_wconf 82' lang='lat' dir='ltr'>facie,</span> <span class='ocrx_word' id='word_1_39' title='bbox 506 1065 557 1126; x_wconf 92' lang='lat' dir='ltr'>sed</span> <span class='ocrx_word' id='word_1_40' title='bbox 582 1083 641 1126; x_wconf 91' lang='lat' dir='ltr'>non</span> <span class='ocrx_word' id='word_1_41' title='bbox 666 1084 732 1127; x_wconf 86' lang='lat' dir='ltr'>snm</span> <span class='ocrx_word' id='word_1_42' title='bbox 755 1068 840 1145; x_wconf 80' lang='lat' dir='ltr'>nigra</span> <span class='ocrx_word' id='word_1_43' title='bbox 864 1065 963 1127; x_wconf 90' lang='lat' dir='ltr'>colore</span> 
     </span>
     <span class='ocr_line' id='line_1_8' title="bbox 83 1153 975 1235; baseline 0.001 -19"><span class='ocrx_word' id='word_1_44' title='bbox 83 1167 120 1216; x_wconf 81' lang='lat'>40</span> <span class='ocrx_word' id='word_1_45' title='bbox 142 1154 235 1235; x_wconf 80' lang='lat' dir='ltr'><strong>Inque</strong></span> <span class='ocrx_word' id='word_1_46' title='bbox 260 1156 307 1216; x_wconf 90' lang='lat' dir='ltr'>die</span> <span class='ocrx_word' id='word_1_47' title='bbox 330 1155 427 1217; x_wconf 88' lang='lat' dir='ltr'>media</span> <span class='ocrx_word' id='word_1_48' title='bbox 451 1153 590 1216; x_wconf 81' lang='lat' dir='ltr'>tenebras</span> <span class='ocrx_word' id='word_1_49' title='bbox 613 1162 712 1215; x_wconf 85' lang='lat' dir='ltr'>tamen</span> <span class='ocrx_word' id='word_1_50' title='bbox 736 1156 826 1216; x_wconf 83' lang='lat' dir='ltr'>affero</span> <span class='ocrx_word' id='word_1_51' title='bbox 849 1174 975 1217; x_wconf 88' lang='lat' dir='ltr'>mecum.</span> 
     </span>
     <span class='ocr_line' id='line_1_9' title="bbox 140 1243 1036 1324; baseline -0.002 -18"><span class='ocrx_word' id='word_1_52' title='bbox 140 1245 201 1306; x_wconf 89' lang='lat' dir='ltr'>Nec</span> <span class='ocrx_word' id='word_1_53' title='bbox 224 1245 299 1306; x_wconf 88' lang='lat' dir='ltr'>mihi</span> <span class='ocrx_word' id='word_1_54' title='bbox 322 1244 392 1306; x_wconf 87' lang='lat' dir='ltr'>dant</span> <span class='ocrx_word' id='word_1_55' title='bbox 415 1243 516 1306; x_wconf 87' lang='lat' dir='ltr'>stellae</span> <span class='ocrx_word' id='word_1_56' title='bbox 541 1243 656 1304; x_wconf 89' lang='lat' dir='ltr'>lucem</span> <span class='ocrx_word' id='word_1_57' title='bbox 680 1262 736 1305; x_wconf 90' lang='lat' dir='ltr'>nee</span> <span class='ocrx_word' id='word_1_58' title='bbox 760 1244 885 1324; x_wconf 83' lang='lat' dir='ltr'>Cynthia</span> <span class='ocrx_word' id='word_1_59' title='bbox 909 1245 1036 1306; x_wconf 92' lang='lat' dir='ltr'>lumen.</span> 
     </span>
    </p>
   </div>
   <div class='ocr_carea' id='block_1_6' title="bbox 502 1451 741 1518">
    <p class='ocr_par' dir='ltr' id='par_1_6' title="bbox 502 1451 741 1518">
     <span class='ocr_line' id='line_1_10' title="bbox 502 1451 741 1518; baseline -0.004 0"><span class='ocrx_word' id='word_1_60' title='bbox 502 1453 600 1518; x_wconf 88' lang='lat' dir='ltr'><strong>VIIII</strong></span> <span class='ocrx_word' id='word_1_61' title='bbox 623 1451 741 1518; x_wconf 86' lang='lat' dir='ltr'>Pluvia</span> 
     </span>
    </p>
   </div>
   <div class='ocr_carea' id='block_1_7' title="bbox 130 1579 980 1840">
    <p class='ocr_par' dir='ltr' id='par_1_7' title="bbox 130 1579 980 1840">
     <span class='ocr_line' id='line_1_11' title="bbox 130 1579 757 1663; baseline -0.003 -20"><span class='ocrx_word' id='word_1_62' title='bbox 130 1582 186 1657; x_wconf 56' lang='lat' dir='ltr'>,Ex</span> <span class='ocrx_word' id='word_1_63' title='bbox 208 1582 267 1644; x_wconf 87' lang='lat' dir='ltr'>alto</span> <span class='ocrx_word' id='word_1_64' title='bbox 291 1584 386 1663; x_wconf 86' lang='lat' dir='ltr'>venio,</span> <span class='ocrx_word' id='word_1_65' title='bbox 409 1581 496 1661; x_wconf 83' lang='lat' dir='ltr'>longa</span> <span class='ocrx_word' id='word_1_66' title='bbox 520 1579 639 1660; x_wconf 88' lang='lat' dir='ltr'>delapsa</span> <span class='ocrx_word' id='word_1_67' title='bbox 662 1582 757 1641; x_wconf 87' lang='lat' dir='ltr'>ruina.</span> 
     </span>
     <span class='ocr_line' id='line_1_12' title="bbox 141 1670 980 1749; baseline -0.001 -17"><span class='ocrx_word' id='word_1_68' title='bbox 141 1671 183 1732; x_wconf 87' lang='lat' dir='ltr'>De</span> <span class='ocrx_word' id='word_1_69' title='bbox 208 1671 288 1732; x_wconf 85' lang='lat' dir='ltr'>caelo</span> <span class='ocrx_word' id='word_1_70' title='bbox 312 1670 407 1732; x_wconf 82' lang='lat' dir='ltr'>cecidi</span> <span class='ocrx_word' id='word_1_71' title='bbox 430 1671 542 1731; x_wconf 85' lang='lat' dir='ltr'>medias</span> <span class='ocrx_word' id='word_1_72' title='bbox 565 1672 778 1730; x_wconf 87' lang='lat' dir='ltr'>transmissa</span> <span class='ocrx_word' id='word_1_73' title='bbox 801 1686 856 1749; x_wconf 87' lang='lat' dir='ltr'>per</span> <span class='ocrx_word' id='word_1_74' title='bbox 879 1687 980 1731; x_wconf 86' lang='lat' dir='ltr'>auras:</span> 
     </span>
     <span class='ocr_line' id='line_1_13' title="bbox 142 1757 948 1840; baseline -0.004 -18"><span class='ocrx_word' id='word_1_75' title='bbox 142 1760 199 1822; x_wconf 87' lang='lat' dir='ltr'>Sed</span> <span class='ocrx_word' id='word_1_76' title='bbox 225 1762 309 1822; x_wconf 84' lang='lat' dir='ltr'><strong>sInus</strong></span> <span class='ocrx_word' id='word_1_77' title='bbox 332 1761 458 1840; x_wconf 82' lang='lat' dir='ltr'>excepit,</span> <span class='ocrx_word' id='word_1_78' title='bbox 482 1761 533 1838; x_wconf 90' lang='lat' dir='ltr'>qui</span> <span class='ocrx_word' id='word_1_79' title='bbox 556 1777 603 1819; x_wconf 90' lang='lat' dir='ltr'>me</span> <span class='ocrx_word' id='word_1_80' title='bbox 627 1757 716 1819; x_wconf 84' lang='lat' dir='ltr'>simul</span> <span class='ocrx_word' id='word_1_81' title='bbox 738 1758 803 1837; x_wconf 82' lang='lat' dir='ltr'>Ipse</span> <span class='ocrx_word' id='word_1_82' title='bbox 826 1761 948 1838; x_wconf 89' lang='lat' dir='ltr'>recepit.</span> 
     </span>
    </p>
   </div>
   <div class='ocr_carea' id='block_1_8' title="bbox 534 1967 717 2034">
    <p class='ocr_par' dir='ltr' id='par_1_8' title="bbox 534 1967 717 2034">
     <span class='ocr_line' id='line_1_14' title="bbox 534 1967 717 2034; baseline 0 -1"><span class='ocrx_word' id='word_1_83' title='bbox 534 1969 565 2033; x_wconf 90' lang='lat' dir='ltr'>X</span> <span class='ocrx_word' id='word_1_84' title='bbox 588 1967 717 2034; x_wconf 83' lang='lat' dir='ltr'>Glacies</span> 
     </span>
    </p>
   </div>
   <div class='ocr_carea' id='block_1_9' title="bbox 83 2079 1006 2336">
    <p class='ocr_par' dir='ltr' id='par_1_9' title="bbox 83 2079 1006 2336">
     <span class='ocr_line' id='line_1_15' title="bbox 83 2079 1006 2160; baseline -0.002 -18"><span class='ocrx_word' id='word_1_85' title='bbox 83 2093 121 2143; x_wconf 80' lang='lat'>45</span> <span class='ocrx_word' id='word_1_86' title='bbox 141 2081 223 2142; x_wconf 85' lang='lat' dir='ltr'>Vnda</span> <span class='ocrx_word' id='word_1_87' title='bbox 248 2081 290 2142; x_wconf 84' lang='lat' dir='ltr'>fui</span> <span class='ocrx_word' id='word_1_88' title='bbox 314 2080 471 2160; x_wconf 87' lang='lat' dir='ltr'>quondam,</span> <span class='ocrx_word' id='word_1_89' title='bbox 495 2079 575 2158; x_wconf 88' lang='lat' dir='ltr'>quod</span> <span class='ocrx_word' id='word_1_90' title='bbox 599 2097 646 2139; x_wconf 91' lang='lat' dir='ltr'>me</span> <span class='ocrx_word' id='word_1_91' title='bbox 670 2081 728 2140; x_wconf 92' lang='lat' dir='ltr'>cito</span> <span class='ocrx_word' id='word_1_92' title='bbox 753 2079 843 2140; x_wconf 91' lang='lat' dir='ltr'>credo</span> <span class='ocrx_word' id='word_1_93' title='bbox 867 2080 1006 2140; x_wconf 79' lang='lat' dir='ltr'>suturam.</span> 
     </span>
     <span class='ocr_line' id='line_1_16' title="bbox 142 2167 817 2247; baseline -0.003 -18"><span class='ocrx_word' id='word_1_94' title='bbox 142 2169 228 2230; x_wconf 90' lang='lat' dir='ltr'>Nunc</span> <span class='ocrx_word' id='word_1_95' title='bbox 252 2170 340 2247; x_wconf 84' lang='lat' dir='ltr'>rigidi</span> <span class='ocrx_word' id='word_1_96' title='bbox 364 2167 438 2229; x_wconf 86' lang='lat' dir='ltr'>caeli</span> <span class='ocrx_word' id='word_1_97' title='bbox 462 2168 545 2228; x_wconf 86' lang='lat' dir='ltr'>duris</span> <span class='ocrx_word' id='word_1_98' title='bbox 569 2185 681 2228; x_wconf 85' lang='lat' dir='ltr'>conexa</span> <span class='ocrx_word' id='word_1_99' title='bbox 705 2171 817 2228; x_wconf 87' lang='lat' dir='ltr'>catenis</span> 
     </span>
     <span class='ocr_line' id='line_1_17' title="bbox 141 2256 880 2336; baseline -0.001 -19"><span class='ocrx_word' id='word_1_100' title='bbox 141 2257 204 2317; x_wconf 89' lang='lat' dir='ltr'>Nec</span> <span class='ocrx_word' id='word_1_101' title='bbox 227 2256 338 2317; x_wconf 86' lang='lat' dir='ltr'>calcata</span> <span class='ocrx_word' id='word_1_102' title='bbox 361 2259 424 2336; x_wconf 86' lang='lat' dir='ltr'>pati</span> <span class='ocrx_word' id='word_1_103' title='bbox 446 2273 568 2336; x_wconf 84' lang='lat' dir='ltr'>possum</span> <span class='ocrx_word' id='word_1_104' title='bbox 592 2274 647 2316; x_wconf 93' lang='lat' dir='ltr'>nec</span> <span class='ocrx_word' id='word_1_105' title='bbox 672 2256 751 2316; x_wconf 86' lang='lat' dir='ltr'>nuda</span> <span class='ocrx_word' id='word_1_106' title='bbox 774 2260 880 2316; x_wconf 80' lang='lat' dir='ltr'>teneri,</span> 
     </span>
    </p>
   </div>
   <div class='ocr_carea' id='block_1_10' title="bbox 142 2461 1009 2658">
    <p class='ocr_par' dir='ltr' id='par_1_10' title="bbox 142 2461 1009 2658">
     <span class='ocr_line' id='line_1_18' title="bbox 556 2461 694 2530; baseline -0.007 -1"><span class='ocrx_word' id='word_1_107' title='bbox 556 2462 606 2529; x_wconf 89' lang='lat' dir='ltr'>XI</span> <span class='ocrx_word' id='word_1_108' title='bbox 627 2461 694 2530; x_wconf 87' lang='lat' dir='ltr'>Nix</span> 
     </span>
     <span class='ocr_line' id='line_1_19' title="bbox 142 2574 1009 2658; baseline -0.001 -21"><span class='ocrx_word' id='word_1_109' title='bbox 142 2576 244 2638; x_wconf 81' lang='lat' dir='ltr'>Pulvis</span> <span class='ocrx_word' id='word_1_110' title='bbox 268 2594 360 2655; x_wconf 86' lang='lat' dir='ltr'>aquae</span> <span class='ocrx_word' id='word_1_111' title='bbox 385 2577 484 2636; x_wconf 89' lang='lat' dir='ltr'>tennis</span> <span class='ocrx_word' id='word_1_112' title='bbox 508 2575 626 2635; x_wconf 89' lang='lat' dir='ltr'>modico</span> <span class='ocrx_word' id='word_1_113' title='bbox 651 2575 875 2654; x_wconf 88' lang='lat' dir='ltr'>cumpondere</span> <span class='ocrx_word' id='word_1_114' title='bbox 898 2574 1009 2658; x_wconf 80' lang='lat' dir='ltr'>lapsus,</span> 
     </span>
    </p>
   </div>
   <div class='ocr_carea' id='block_1_11' title="bbox 87 2664 1053 2833">
    <p class='ocr_par' dir='ltr' id='par_1_11' title="bbox 87 2664 1053 2833">
     <span class='ocr_line' id='line_1_20' title="bbox 144 2664 1053 2745; baseline -0.007 -19"><span class='ocrx_word' id='word_1_115' title='bbox 144 2666 211 2726; x_wconf 87' lang='lat' dir='ltr'>Sole</span> <span class='ocrx_word' id='word_1_116' title='bbox 235 2665 366 2744; x_wconf 86' lang='lat' dir='ltr'>madens,</span> <span class='ocrx_word' id='word_1_117' title='bbox 390 2672 502 2725; x_wconf 86' lang='lat' dir='ltr'>aestate</span> <span class='ocrx_word' id='word_1_118' title='bbox 525 2664 631 2745; x_wconf 87' lang='lat' dir='ltr'>fluens,</span> <span class='ocrx_word' id='word_1_119' title='bbox 654 2668 686 2724; x_wconf 94' lang='lat' dir='ltr'>in</span> <span class='ocrx_word' id='word_1_120' title='bbox 709 2666 821 2743; x_wconf 82' lang='lat' dir='ltr'>frigore</span> <span class='ocrx_word' id='word_1_121' title='bbox 845 2666 952 2745; x_wconf 87' lang='lat' dir='ltr'>siccus,</span> <span class='ocrx_word' id='word_1_122' title='bbox 1047 2712 1053 2720; x_wconf 89' lang='lat'><strong>.</strong></span> 
     </span>
     <span class='ocr_line' id='line_1_21' title="bbox 87 2753 910 2833; baseline -0.005 -15"><span class='ocrx_word' id='word_1_123' title='bbox 87 2768 123 2818; x_wconf 74' lang='lat'>60</span> <span class='ocrx_word' id='word_1_124' title='bbox 143 2753 278 2816; x_wconf 84' lang='lat' dir='ltr'>FlumIna</span> <span class='ocrx_word' id='word_1_125' title='bbox 302 2755 436 2816; x_wconf 81' lang='lat' dir='ltr'>facturus</span> <span class='ocrx_word' id='word_1_126' title='bbox 459 2762 536 2815; x_wconf 85' lang='lat' dir='ltr'>totas</span> <span class='ocrx_word' id='word_1_127' title='bbox 559 2755 644 2833; x_wconf 88' lang='lat' dir='ltr'>prius</span> <span class='ocrx_word' id='word_1_128' title='bbox 668 2771 782 2832; x_wconf 86' lang='lat' dir='ltr'>occupo</span> <span class='ocrx_word' id='word_1_129' title='bbox 805 2762 910 2814; x_wconf 79' lang='lat' dir='ltr'>terras,</span> 
     </span>
    </p>
   </div>
   <div class='ocr_carea' id='block_1_12' title="bbox 142 2966 1108 3120">
    <p class='ocr_par' dir='ltr' id='par_1_12' title="bbox 142 2966 1108 3120">
     <span class='ocr_line' id='line_1_22' title="bbox 174 2966 1108 3120; baseline 0 -87"><span class='ocrx_word' id='word_1_130' title='bbox 174 3049 180 3059; x_wconf 22' lang='grc' dir='ltr'><em>ὑ</em></span> <span class='ocrx_word' id='word_1_131' title='bbox 214 2979 279 3120; x_wconf 74' lang='lat' dir='ltr'>I)tec.</span> <span class='ocrx_word' id='word_1_132' title='bbox 298 2980 340 3033; x_wconf 90' lang='lat' dir='ltr'>B:</span> <span class='ocrx_word' id='word_1_133' title='bbox 362 2983 396 3031; x_wconf 89' lang='grc'>41</span> <span class='ocrx_word' id='word_1_134' title='bbox 415 2978 510 3034; x_wconf 87' lang='lat' dir='ltr'>Iumen</span> <span class='ocrx_word' id='word_1_135' title='bbox 528 2996 555 3032; x_wconf 93' lang='lat' dir='ltr'>n.</span> <span class='ocrx_word' id='word_1_136' title='bbox 576 2977 605 3033; x_wconf 73' lang='lat' dir='ltr'>(I.</span> <span class='ocrx_word' id='word_1_137' title='bbox 619 2966 716 3032; x_wconf 86' lang='lat' dir='ltr'>¹lucem</span> <span class='ocrx_word' id='word_1_138' title='bbox 789 2984 823 3033; x_wconf 83' lang='lat'>43</span> <span class='ocrx_word' id='word_1_139' title='bbox 843 2976 960 3032; x_wconf 79' lang='lat' dir='ltr'>dimissa</span> <span class='ocrx_word' id='word_1_140' title='bbox 979 2980 1001 3049; x_wconf 84' lang='lat' dir='ltr'>(i</span> <span class='ocrx_word' id='word_1_141' title='bbox 1019 2996 1040 3034; x_wconf 88' lang='lat' dir='ltr'>e.</span> <span class='ocrx_word' id='word_1_142' title='bbox 1060 2979 1108 3033; x_wconf 88' lang='lat' dir='ltr'>de·</span> 
     </span>
     <span class='ocr_line' id='line_1_23' title="bbox 142 3066 230 3104; baseline 0.011 -1"><span class='ocrx_word' id='word_1_143' title='bbox 142 3066 230 3104; x_wconf 78' lang='lat' dir='ltr'>missa</span> 
     </span>
    </p>
   </div>
   <div class='ocr_carea' id='block_1_13' title="bbox 143 3189 1109 3542">
    <p class='ocr_par' dir='ltr' id='par_1_13' title="bbox 143 3189 1109 3542">
     <span class='ocr_line' id='line_1_24' title="bbox 216 3189 1055 3264; baseline -0.001 -19"><span class='ocrx_word' id='word_1_144' title='bbox 216 3197 250 3246; x_wconf 83' lang='grc'>36</span> <span class='ocrx_word' id='word_1_145' title='bbox 275 3195 341 3246; x_wconf 85' lang='lat' dir='ltr'>sunt</span> <span class='ocrx_word' id='word_1_146' title='bbox 365 3198 427 3262; x_wconf 79' lang='lat' dir='ltr'>post</span> <span class='ocrx_word' id='word_1_147' title='bbox 452 3189 524 3244; x_wconf 87' lang='lat' dir='ltr'>mihi</span> <span class='ocrx_word' id='word_1_148' title='bbox 551 3207 601 3245; x_wconf 78' lang='lat' dir='ltr'>ont.</span> <span class='ocrx_word' id='word_1_149' title='bbox 622 3212 641 3244; x_wconf 86' lang='grc' dir='ltr'>α</span> <span class='ocrx_word' id='word_1_150' title='bbox 713 3196 748 3245; x_wconf 88' lang='grc'>40</span> <span class='ocrx_word' id='word_1_151' title='bbox 767 3190 813 3264; x_wconf 72' lang='lat' dir='ltr'>dip</span> <span class='ocrx_word' id='word_1_152' title='bbox 832 3191 860 3245; x_wconf 88' lang='lat' dir='ltr'><strong><em>A</em></strong></span> <span class='ocrx_word' id='word_1_153' title='bbox 897 3191 994 3245; x_wconf 86' lang='lat' dir='ltr'>adfero</span> <span class='ocrx_word' id='word_1_154' title='bbox 1013 3193 1055 3262; x_wconf 85' lang='grc' dir='ltr'>αβ</span> 
     </span>
     <span class='ocr_line' id='line_1_25' title="bbox 143 3260 1109 3333; baseline -0.002 -18"><span class='ocrx_word' id='word_1_155' title='bbox 143 3267 178 3316; x_wconf 90' lang='grc'>41</span> <span class='ocrx_word' id='word_1_156' title='bbox 197 3262 225 3316; x_wconf 88' lang='lat' dir='ltr'><strong><em>A</em></strong></span> <span class='ocrx_word' id='word_1_157' title='bbox 241 3265 316 3316; x_wconf 90' lang='lat' dir='ltr'>=B</span> <span class='ocrx_word' id='word_1_158' title='bbox 353 3262 502 3332; x_wconf 80' lang='lat' dir='ltr'>cyintiaA</span> <span class='ocrx_word' id='word_1_159' title='bbox 521 3260 664 3333; x_wconf 73' lang='lat' dir='ltr'>cinthiad</span> <span class='ocrx_word' id='word_1_160' title='bbox 714 3267 748 3316; x_wconf 78' lang='lat'>42</span> <span class='ocrx_word' id='word_1_161' title='bbox 767 3262 833 3316; x_wconf 89' lang='lat' dir='ltr'>ueni</span> <span class='ocrx_word' id='word_1_162' title='bbox 848 3263 961 3318; x_wconf 74' lang='lat' dir='ltr'>Scirenid</span> <span class='ocrx_word' id='word_1_163' title='bbox 1012 3266 1047 3315; x_wconf 88' lang='grc'>43</span> <span class='ocrx_word' id='word_1_164' title='bbox 1067 3260 1109 3314; x_wconf 91' lang='lat' dir='ltr'>di·</span> 
     </span>
     <span class='ocr_line' id='line_1_26' title="bbox 144 3330 1108 3405; baseline 0.001 -20"><span class='ocrx_word' id='word_1_165' title='bbox 144 3332 244 3387; x_wconf 80' lang='lat' dir='ltr'>missas</span> <span class='ocrx_word' id='word_1_166' title='bbox 262 3333 291 3388; x_wconf 96' lang='lat' dir='ltr'><strong><em>A</em></strong></span> <span class='ocrx_word' id='word_1_167' title='bbox 332 3334 487 3389; x_wconf 80' lang='lat' dir='ltr'>demissae</span> <span class='ocrx_word' id='word_1_168' title='bbox 562 3339 597 3387; x_wconf 87' lang='grc'>44</span> <span class='ocrx_word' id='word_1_169' title='bbox 616 3332 654 3387; x_wconf 81' lang='lat' dir='ltr'>Et</span> <span class='ocrx_word' id='word_1_170' title='bbox 673 3333 735 3387; x_wconf 88' lang='lat' dir='ltr'>sinu</span> <span class='ocrx_word' id='word_1_171' title='bbox 753 3334 781 3388; x_wconf 99' lang='lat' dir='ltr'><strong><em>A</em></strong></span> <span class='ocrx_word' id='word_1_172' title='bbox 825 3330 931 3402; x_wconf 76' lang='lat' dir='ltr'>excipii</span> <span class='ocrx_word' id='word_1_173' title='bbox 947 3334 976 3387; x_wconf 92' lang='lat' dir='ltr'><strong><em>A</em></strong></span> <span class='ocrx_word' id='word_1_174' title='bbox 1013 3331 1108 3405; x_wconf 81' lang='lat' dir='ltr'>simul]</span> 
     </span>
     <span class='ocr_line' id='line_1_27' title="bbox 144 3402 1109 3477; baseline 0 -21"><span class='ocrx_word' id='word_1_175' title='bbox 144 3403 223 3472; x_wconf 84' lang='lat' dir='ltr'>prius</span> <span class='ocrx_word' id='word_1_176' title='bbox 238 3406 389 3461; x_wconf 74' lang='lat' dir='ltr'>Heamnwn</span> <span class='ocrx_word' id='word_1_177' title='bbox 424 3404 526 3474; x_wconf 84' lang='lat' dir='ltr'>recipit</span> <span class='ocrx_word' id='word_1_178' title='bbox 540 3406 592 3460; x_wconf 85' lang='lat' dir='ltr'>Ad</span> <span class='ocrx_word' id='word_1_179' title='bbox 628 3404 769 3477; x_wconf 71' lang='lat' dir='ltr'>Glatieed</span> <span class='ocrx_word' id='word_1_180' title='bbox 823 3411 857 3460; x_wconf 83' lang='grc'>46</span> <span class='ocrx_word' id='word_1_181' title='bbox 873 3402 971 3474; x_wconf 79' lang='lat' dir='ltr'>frigidi</span> <span class='ocrx_word' id='word_1_182' title='bbox 984 3404 1013 3458; x_wconf 91' lang='lat' dir='ltr'><strong><em>A</em></strong></span> <span class='ocrx_word' id='word_1_183' title='bbox 1044 3421 1109 3458; x_wconf 91' lang='lat' dir='ltr'>con·</span> 
     </span>
     <span class='ocr_line' id='line_1_28' title="bbox 143 3475 1109 3542; baseline 0.004 -14"><span class='ocrx_word' id='word_1_184' title='bbox 143 3477 255 3542; x_wconf 74' lang='lat' dir='ltr'>nexari</span> <span class='ocrx_word' id='word_1_185' title='bbox 308 3482 342 3531; x_wconf 77' lang='lat' dir='ltr'>tr</span> <span class='ocrx_word' id='word_1_186' title='bbox 361 3476 528 3533; x_wconf 80' lang='lat' dir='ltr'>Etcalcata</span> <span class='ocrx_word' id='word_1_187' title='bbox 546 3477 688 3532; x_wconf 65' lang='lat' dir='ltr'>Baehrens</span> <span class='ocrx_word' id='word_1_188' title='bbox 723 3475 771 3530; x_wconf 87' lang='lat' dir='ltr'>uel</span> <span class='ocrx_word' id='word_1_189' title='bbox 788 3476 897 3531; x_wconf 86' lang='lat' dir='ltr'>nudas</span> <span class='ocrx_word' id='word_1_190' title='bbox 920 3478 1000 3530; x_wconf 78' lang='lat' dir='ltr'>tacta</span> <span class='ocrx_word' id='word_1_191' title='bbox 1018 3476 1109 3532; x_wconf 77' lang='lat' dir='ltr'>Baeh-</span> 
     </span>
    </p>
   </div>
   <div class='ocr_carea' id='block_1_14' title="bbox 143 3547 1109 3689">
    <p class='ocr_par' dir='ltr' id='par_1_14' title="bbox 143 3547 1109 3689">
     <span class='ocr_line' id='line_1_29' title="bbox 143 3547 1109 3689; baseline 0.002 -88"><span class='ocrx_word' id='word_1_192' title='bbox 143 3552 246 3689; x_wconf 54' lang='grc' dir='ltr'>νὶηἰβ</span> <span class='ocrx_word' id='word_1_193' title='bbox 278 3548 331 3602; x_wconf 86' lang='lat' dir='ltr'>XII</span> <span class='ocrx_word' id='word_1_194' title='bbox 348 3556 412 3604; x_wconf 81' lang='lat' dir='ltr'>ante</span> <span class='ocrx_word' id='word_1_195' title='bbox 434 3547 473 3602; x_wconf 87' lang='lat' dir='ltr'>XI</span> <span class='ocrx_word' id='word_1_196' title='bbox 492 3550 536 3604; x_wconf 81' lang='lat' dir='ltr'>dei</span> <span class='ocrx_word' id='word_1_197' title='bbox 559 3551 626 3619; x_wconf 78' lang='lat' dir='ltr'>(non</span> <span class='ocrx_word' id='word_1_198' title='bbox 646 3549 708 3619; x_wconf 70' lang='lat'>61)</span> <span class='ocrx_word' id='word_1_199' title='bbox 786 3554 819 3603; x_wconf 86' lang='grc'>48</span> <span class='ocrx_word' id='word_1_200' title='bbox 839 3564 915 3618; x_wconf 84' lang='lat' dir='ltr'>aqua</span> <span class='ocrx_word' id='word_1_201' title='bbox 933 3567 952 3601; x_wconf 84' lang='grc' dir='ltr'><strong>α</strong></span> <span class='ocrx_word' id='word_1_202' title='bbox 989 3564 1041 3602; x_wconf 89' lang='lat' dir='ltr'>con</span> <span class='ocrx_word' id='word_1_203' title='bbox 1058 3563 1109 3618; x_wconf 88' lang='lat' dir='ltr'>po·</span> 
     </span>
     <span class='ocr_line' id='line_1_30' title="bbox 144 3634 195 3669; baseline 0 0"><span class='ocrx_word' id='word_1_204' title='bbox 144 3634 195 3669; x_wconf 88' lang='lat' dir='ltr'>nr</span> 
     </span>
    </p>
   </div>
   <div class='ocr_carea' id='block_1_15' title="bbox 200 3715 947 3762">
    <p class='ocr_par' dir='ltr' id='par_1_15' title="bbox 200 3715 947 3762">
     <span class='ocr_line' id='line_1_31' title="bbox 200 3715 947 3762; baseline 0.008 -6"><span class='ocrx_word' id='word_1_205' title='bbox 200 3717 297 3759; x_wconf 78' lang='lat' dir='ltr'>Anthol.</span> <span class='ocrx_word' id='word_1_206' title='bbox 312 3720 351 3760; x_wconf 87' lang='lat' dir='ltr'>int.</span> <span class='ocrx_word' id='word_1_207' title='bbox 366 3720 384 3759; x_wconf 84' lang='lat' dir='ltr'><strong>L</strong></span> <span class='ocrx_word' id='word_1_208' title='bbox 914 3715 947 3762; x_wconf 80' lang='lat'>15</span> 
     </span>
    </p>
   </div>
   <div class='ocr_carea' id='block_1_16' title="bbox 0 0 1336 3926">
    <p class='ocr_par' dir='ltr' id='par_1_16' title="bbox 0 0 1336 3926">
     <span class='ocr_line' id='line_1_32' title="bbox 0 0 1336 3926; baseline 0 0"><span class='ocrx_word' id='word_1_209' title='bbox 0 0 1336 3926; x_wconf 95' lang='lat' dir='ltr'> </span> 
     </span>
    </p>
   </div>
  </div>
 </body>
</html>
