2642 3922
192 208 235 274 86
592 205 759 264 CARMINA
773 260 775 263 ,

191 376 257 436 Non
281 373 424 453 [tantum]
449 375 563 435 lacinus
586 392 673 435 eaaso
697 381 743 435 est
766 383 887 435 auctore
911 369 1077 453 piandum?
1172 385 1208 435 20

191 464 282 525 Multa
296 472 408 544 petent,
423 463 475 524 sed
487 463 572 543 plura
583 462 683 524 latent.
712 463 809 524 scelus
820 463 952 542 undique
962 461 1088 522 densum
1099 470 1153 523 est.

192 553 308 614 Tollere
332 571 395 616 rem
419 552 538 631 templis
561 552 646 613 furor
668 560 715 612 est
738 551 908 631 temploque
931 553 1062 612 vicissim
1131 566 1210 631 1049

191 643 266 704 Rem
289 643 362 704 lurli
385 641 497 702 donare
520 641 612 702 nefas.
653 658 709 720 pro
732 641 796 702 dira
820 648 981 702 nocentum

191 731 321 793 Consilia
344 733 375 791 in
399 729 525 793 scaevis!
563 749 638 810 quae
662 748 745 790 mens
769 733 917 808 excogitet
940 729 1034 790 istud:

192 821 251 882 lies
274 820 392 882 auferre
416 837 516 881 sacras
539 828 569 880 et
593 837 769 880 consecrare
792 814 932 898 rapinas?
1173 830 1208 880 aa

192 910 238 971 Sit
261 909 367 970 similis
390 909 520 969 vindicta
543 908 620 969 malo
643 900 738 991 (nune
762 910 825 988 ipsa
848 908 957 986 pudori
979 915 1026 967 est

190 998 253 1059 Vox
277 991 365 1081 mea),
388 1016 426 1058 ne
448 1015 572 1076 magnos
595 997 691 1057 laedat
714 999 807 1076 magis
830 996 904 1058 ultio
928 996 1020 1058 divos.

191 1088 300 1149 Audiet
323 1087 396 1147 haee
418 1085 548 1166 populus
571 1103 684 1164 nosque
708 1085 765 1146 hoo
789 1083 992 1166 narrabimus3
1016 1104 1087 1164 ergo

191 1176 277 1247 Quod
301 1177 411 1236 laetum
435 1184 481 1237 est
505 1168 816 1258 (meminissemus),
839 1175 988 1235 reseretur
1011 1176 1042 1236 in
1065 1173 1154 1236 urbe:

191 1264 301 1326 Elusus
324 1272 426 1326 custos
450 1274 628 1344 raptumque
652 1263 794 1324 altaribus
817 1282 932 1344 astrum,
1172 1277 1207 1326 30

190 1353 274 1415 Mens
288 1354 392 1433 audax,
407 1354 505 1415 scelus
518 1350 613 1434 †hoe‚
628 1371 733 1413 manus
748 1351 882 1432 inproba,
901 1351 1036 1431 perditus
1056 1351 1153 1434 ardor,

190 1444 322 1505 Antiates
345 1445 451 1525 viettrs,
474 1440 639 1522 penetralia
661 1442 786 1522 prodita,
810 1460 921 1502 ntrmen

190 1532 387 1613 Contemtum,
411 1532 554 1611 templum
578 1549 701 1612 pauper,
725 1532 854 1609 piscator
878 1529 1040 1591 abundans.

190 1621 257 1703 Vae,
282 1640 299 1681 o
323 1621 488 1702 caelicolae,
511 1628 642 1681 vestrum
667 1638 747 1680 autre
772 1622 875 1680 invoco
901 1638 1019 1699 numen,

191 1710 237 1771 Sit
260 1710 332 1771 mihi
356 1710 399 1769 las
423 1710 575 1770 reticenda
598 1708 689 1790 loqui,
713 1708 784 1769 dum
807 1709 946 1788 proditur
969 1710 1033 1769 iste.
1172 1721 1206 1771 aa

589 1879 755 1952 [Narratio]

233 1976 328 2037 Natus
352 1983 393 2055 ut,
416 1977 550 2055 ignotum
575 1984 627 2036 est.
669 1994 766 2054 neque
790 1977 869 2036 enim
893 1976 929 2036 da
951 1975 1053 2036 limine
1073 1975 1152 2036 celso

190 2064 328 2127 Pisoandi
352 2065 458 2126 doctus
482 2064 564 2126 ducit
587 2084 690 2144 genus.
732 2065 877 2144 inprobus
902 2083 981 2143 ergo,

190 2155 264 2219 Cum
289 2162 384 2216 mulas
408 2155 498 2214 terris
521 2154 637 2215 dederit
660 2154 743 2214 labor
766 2153 887 2215 inclitus
911 2163 1000 2234 artes,

190 2245 256 2305 Non
280 2243 442 2324 Chalybum
466 2261 577 2304 massas
601 2247 746 2323 recoquit,
770 2261 828 2303 non
853 2242 968 2303 doctior
992 2244 1069 2303 aeris

190 2334 279 2395 Ducit
300 2332 387 2394 molle
411 2332 488 2393 latus
512 2332 661 2393 lulvumve
684 2336 818 2393 intentus
842 2335 872 2392 in
896 2349 1002 2391 aurum
1171 2343 1206 2393 4ο

190 2422 346 2502 Multiplici
369 2440 499 2502 gemmas
523 2422 672 2482 radiantes
696 2421 806 2482 lumine
829 2413 927 2501 vestit,

188 2511 255 2572 Non
278 2530 349 2591 ager
371 2513 403 2572 in
426 2519 494 2571 voto
518 2519 565 2571 est
587 2510 631 2571 illi
654 2511 806 2589 sortesque
829 2512 955 2588 iuvenci,

188 2600 256 2661 Non
278 2600 357 2661 inlex
382 2600 477 2679 lenus,
501 2618 560 2660 non
584 2599 716 2680 classica,
739 2617 799 2659 non
822 2601 870 2678 pia
893 2599 985 2680 Musa,

189 2690 250 2753 Sed
273 2692 383 2768 spretis
407 2689 507 2750 divum
531 2687 621 2749 rebus
644 2689 741 2768 placet
764 2688 901 2749 omnihus
925 2688 1018 2749 istud:

262 2847 297 2896 20
311 2843 422 2895 tantum
436 2843 501 2897 add.
512 2842 546 2896 Η
579 2847 612 2895 22
628 2841 735 2911 lemslo
754 2840 802 2910 qui
813 2842 840 2896 A
877 2846 911 2894 23
926 2840 998 2895 mira
1012 2843 1153 2896 Baehrens

189 2919 226 2967 24
245 2912 276 2964 in
294 2911 385 2966 scobis
404 2928 487 2979 quem
505 2929 585 2966 mens
603 2914 632 2967 A
703 2918 738 2966 26
757 2912 800 2967 Sit
822 2915 921 2982 seriose
939 2912 1002 2966 Heu
1021 2913 1049 2966 A
1091 2912 1153 2966 uin·

191 2984 300 3037 dialem
317 2984 345 3037 A
417 2989 450 3036 23
470 2983 581 3052 magnis
600 2985 628 3038 A
682 2988 717 3038 28
736 2984 913 3038 narrauimus
932 2983 961 3038 A
1015 2989 1049 3038 23
1068 2982 1153 3038 refer-

190 3057 238 3108 tur
255 3054 297 3122 A,
320 3071 388 3109 corr.
411 3055 557 3124 Quielterot
578 3055 737 3109 referuntur
756 3055 790 3109 Η
877 3060 909 3108 31
935 3054 1025 3109 scelus
1048 3054 1102 3110 hoo
1125 3057 1153 3110 A

193 3125 306 3180 sceleris
326 3126 359 3179 H
379 3125 469 3178 scelus
493 3141 526 3179 aa
545 3127 686 3182 Baehrens
766 3131 800 3179 32
819 3124 940 3179 Antistia
959 3127 1000 3195 A,
1023 3143 1093 3182 corr.
1112 3128 1153 3181 A1

190 3196 287 3268 prodit
304 3198 333 3252 A
409 3202 442 3250 33
461 3196 562 3267 templi
583 3198 729 3268 Quieherat
808 3202 843 3250 34
860 3215 918 3251 nun
936 3198 965 3251 A
1018 3197 1151 3252 Narratio

191 3270 304 3338 addidi,
326 3270 361 3334 cs.
380 3270 418 3323 od
435 3287 463 3323 u.
478 3273 511 3322 87
603 3273 636 3322 36
656 3268 705 3322 ubi
726 3269 872 3339 Quielzerot
921 3269 1070 3337 ingnotum
1090 3270 1118 3323 A

191 3344 225 3393 33
245 3340 355 3394 ducerii
371 3340 400 3394 A
458 3345 493 3393 39
512 3339 605 3393 calibis
624 3340 653 3393 A
706 3345 741 3393 40
759 3339 835 3393 latus
853 3346 1006 3410 suspectum
1024 3340 1153 3410 Hauptio

191 3409 357 3479 fulbumque
376 3412 404 3465 A
420 3427 470 3465 -ue
489 3412 524 3466 H
581 3417 615 3464 42
634 3409 749 3465 iuuenui
768 3411 804 3478 A,
822 3426 891 3466 corr.
910 3411 951 3464 A¹
1023 3415 1058 3464 43
1077 3412 1153 3465 uilex

192 3535 220 3588 A
291 3540 326 3589 44
346 3499 455 3604 spredlirs8
465 3536 548 3589 rebus
567 3536 595 3590 A
614 3534 716 3604 spretis
736 3534 833 3588 diuum
851 3535 886 3589 H
907 3534 992 3589 rectis
1010 3537 1056 3591 uel
1074 3535 1152 3589 duris

191 3604 332 3661 Baehrens
350 3605 456 3660 dudum
475 3608 540 3662 olim
558 3608 661 3662 conieci
697 3605 786 3675 placit
804 3606 832 3659 A
