2672 3924
413 179 552 236 conteis
570 179 776 235 BERNENSIS
795 184 855 235 611.
1058 176 1122 243 361

208 347 299 409 Versa
323 348 395 409 mihi
419 349 506 410 datur
529 349 593 408 vice
616 346 738 408 bibendi
762 346 886 407 lacrrltas

208 437 246 497 Et
270 456 362 499 vacuo
386 439 483 499 ventri
506 447 595 516 potus
619 435 655 498 ab
678 439 737 497 imo
762 435 906 497 defertur.

10 540 12 563 2
112 540 162 590 185
208 526 324 606 Poplite
348 526 491 606 depresso
515 535 674 604 conceptas
698 524 812 605 denego
836 523 979 604 nymphas

209 614 246 676 Et
270 615 386 677 sublato
409 633 532 677 rursum
556 614 663 676 diffuso
687 614 809 675 confero
834 612 959 674 nimbos.

506 835 547 889 82
571 834 618 889 De
642 833 785 903 spongia

208 950 387 1012 Dissimilem
411 951 470 1012 sihi
493 951 540 1012 dat
566 951 639 1012 mihi
662 958 757 1012 mater
779 951 913 1029 liguram.

209 1039 284 1100 Caro
307 1039 387 1102 nulla
411 1040 493 1122 milri,
517 1039 570 1100 sed
597 1042 709 1101 viscera
732 1058 824 1101 vacua
847 1039 977 1100 latebris.

210 1127 335 1190 Sumere
358 1128 432 1190 nihil
454 1147 587 1211 pessum,
611 1132 637 1190 si
660 1147 720 1190 non
744 1127 927 1190 absorbuere
951 1136 1085 1189 matrem.

114 1235 165 1285 190
211 1217 249 1278 Et
273 1236 348 1298 quae
371 1236 419 1279 me
442 1221 589 1297 concepit,
612 1219 688 1279 hanc
712 1237 767 1299 ego
791 1235 911 1299 genero,
935 1226 1096 1300 postquam¹

210 1305 300 1369 Manu
323 1316 408 1386 capta
432 1307 505 1368 levis
528 1309 626 1388 gravis
649 1326 714 1368 sum
739 1325 828 1368 manu
852 1306 988 1368 demissa.

209 1395 248 1458 Et
267 1415 342 1475 quae
362 1399 477 1476 sumpsi
495 1396 601 1477 libens,
625 1415 693 1457 mox
712 1414 803 1475 cogor
821 1395 947 1456 reddere
967 1404 1127 1475 sumptum.

536 1598 576 1651 83
598 1597 648 1652 De
670 1596 761 1652 viole

210 1697 336 1758 Parvula
360 1698 431 1758 dum
455 1714 571 1777 nascor,
594 1700 692 1758 minor
716 1697 820 1758 ellecta
844 1714 967 1758 seneseo

210 1784 248 1845 Et
272 1795 396 1846 cunctas
420 1787 566 1865 praecedo
590 1788 695 1848 maiori
719 1796 801 1847 veste
824 1804 952 1848 sorores.

114 1889 164 1940 190
210 1873 368 1935 Extremus
391 1875 426 1935 ad
450 1874 575 1936 brumae
599 1894 644 1936 me
670 1877 766 1954 primo
790 1876 912 1937 consero
937 1893 1039 1937 mense

210 1963 249 2025 Et
271 1965 390 2025 cunetis
413 1982 535 2025 amoena
560 1966 643 2025 verni
665 1967 724 2026 iam
748 1974 882 2045 tempora
905 1973 1048 2027 monstro.

210 2052 257 2114 Me
280 2052 380 2114 reddit
402 2052 559 2113 inlustrem
582 2072 672 2133 parvo
698 2054 734 2114 de
758 2072 884 2133 corpore
907 2063 1045 2133 sumptus

131 2155 136 2161 ’
210 2142 249 2204 Et
271 2143 348 2203 viam
372 2142 535 2223 quaerendi
558 2141 654 2223 ducet,
678 2144 729 2222 qui
753 2142 827 2203 nulli
850 2142 976 2204 videtur.

539 2345 583 2398 34
607 2345 656 2399 De
678 2357 756 2398 rose

210 2442 339 2504 Pulchra
361 2446 393 2504 in
417 2452 542 2521 angusto
566 2461 613 2504 me
639 2453 732 2504 mater·
756 2446 887 2523 concipit
909 2443 973 2503 alvo

112 2546 165 2596 200
210 2532 250 2593 Et
272 2532 387 2594 hirsuta
411 2530 511 2592 barbis
536 2534 668 2611 quinque
691 2532 890 2611 conplectitur
914 2532 1002 2593 ulnis.

211 2620 292 2692 Quae
316 2621 387 2683 lieet
410 2630 568 2701 parentum
593 2640 682 2700 parvo
706 2622 761 2682 sim
786 2639 896 2700 genere
920 2629 1046 2702 sumpta,

211 2710 315 2772 Honor
338 2729 457 2790 qnoque
483 2710 557 2771 milri
580 2728 743 2771 concessus
767 2710 863 2771 fertur
885 2709 1005 2788 ubique.

239 2886 290 2935 184
309 2881 368 2936 ima
386 2881 413 2935 L
483 2885 533 2935 185
552 2879 659 2936 Pollice
678 2881 705 2934 L
722 2880 838 2950 Poplice
862 2880 890 2936 V
925 2879 1049 2951 limphas
1068 2882 1095 2936 L

167 2956 218 3006 186
238 2951 355 3007 diffusos
373 2952 401 3006 L
476 2951 519 3005 De
538 2951 661 3021 spungia
678 2955 706 3005 B
778 2956 830 3007 187
856 2954 938 3021 pater
956 2953 983 3007 L
1005 2955 1088 3021 peter
1109 2952 1129 3009 f.

165 3022 237 3078 mihi
256 3023 283 3077 V
361 3028 412 3077 188
430 3040 467 3079 m.
485 3022 596 3077 n.-l.
616 3040 643 3079 n.
668 3023 694 3076 V
734 3039 809 3094 vege
826 3023 930 3094 Hapen
946 3026 1029 3077 vesta
1048 3040 1095 3095 epe

167 3100 218 3149 189
238 3093 346 3149 Sumite
364 3094 393 3149 Β
446 3093 496 3148 Nil
513 3111 540 3162 p.
560 3110 582 3149 s.
605 3094 633 3150 V
683 3097 775 3150 mater
792 3095 819 3148 L
909 3099 961 3148 190
979 3094 1054 3149 hene
1077 3110 1130 3164 ego

166 3182 270 3235 genero
289 3165 355 3236 LV,
373 3182 424 3222 om.
442 3167 471 3221 Β
563 3164 742 3222 1911.c.V
793 3164 994 3236 grauissimum
1013 3167 1041 3220 Β
1088 3166 1130 3220 di·
1194 3224 1197 3229 ,

166 3237 254 3292 missa
272 3238 299 3293 L
373 3241 424 3291 192
443 3234 531 3291 snmsi
549 3235 578 3290 Β
613 3236 726 3291 reddire
747 3238 871 3291 sumtum
888 3237 917 3291 Β
989 3241 1130 3292 193-198

166 3325 216 3364 orn.
235 3310 263 3363 Β
325 3312 378 3362 194
397 3311 512 3363 cunctos
527 3311 560 3378 (i)
580 3306 608 3361 V
669 3313 720 3362 190
739 3307 843 3363 mensis
862 3307 890 3361 L
950 3313 1001 3361 190
1019 3307 1057 3362 Et
1075 3324 1129 3363 em.

165 3379 269 3434 uinctis
288 3380 316 3434 L
360 3396 397 3435 m.
415 3382 436 3435 t.
461 3379 488 3435 V
568 3383 618 3460 197
637 3379 738 3435 reddet
756 3380 784 3434 L
866 3384 917 3432 199
936 3379 1087 3434 Pulchram
1105 3397 1130 3434 e.

166 3504 267 3574 Hapen
321 3503 451 3575 concepit
473 3505 502 3559 Β
548 3466 618 3575 (11111Ῑὲ
635 3505 664 3559 Β
725 3509 776 3558 201
796 3521 900 3575 paruus
919 3503 950 3558 in
969 3506 1044 3574 libri,
1061 3522 1130 3561 corr.

165 3573 267 3646 Hapcn
338 3581 390 3631 202
410 3594 432 3633 0.
451 3595 488 3633 m.
507 3575 534 3630 L
570 3577 704 3632 fertore
