2654 3926
204 202 270 267 260
605 200 773 256 CARMINA

294 369 350 429 Sed
375 377 461 448 putat
483 368 600 429 illarum
623 368 690 428 fieri
713 387 746 428 se
770 370 889 428 nomine
914 366 1011 447 talem,
1129 398 1160 450 p.
1170 385 1225 435 166

337 457 468 519 Motibus
491 467 521 519 et
544 458 626 518 salsis
650 475 787 517 erescere
810 456 943 517 membra
968 459 1059 536 cupit.
1190 473 1206 520 a

293 546 355 608 flac
380 565 442 628 spe,
465 547 563 627 crede,
587 556 655 607 tuos
678 548 831 607 incassum
855 546 969 624 decipis
992 554 1089 609 artus:

340 635 498 697 Thersiten
521 638 622 716 potius
645 635 733 714 finge,
758 635 836 714 qued
862 653 927 695 esse
952 634 1045 697 seles!

655 828 718 893 311

272 944 313 1000 In
336 942 510 999 ebriosum
531 943 617 999 nihil
640 944 887 1011 comedentem,
909 944 971 998 aed
994 942 1107 999 solum

601 1032 776 1089 bibentem

296 1152 373 1211 Dum
397 1150 474 1211 bibis
499 1150 580 1211 selus
604 1160 730 1230 paterae,
754 1159 827 1230 quot
850 1169 961 1226 omnes,

298 1241 392 1320 Saepe
417 1243 568 1301 nectutis
593 1242 709 1300 satiaris
733 1239 816 1300 heris

296 1329 335 1390 Et
358 1329 413 1390 tihi
437 1347 545 1389 munus
568 1327 687 1389 Cereris
712 1328 848 1388 reserdet

296 1421 338 1478 Ae
362 1415 438 1479 nihil
461 1437 549 1479 curas
572 1419 631 1478 uisi
655 1418 734 1478 serre
758 1416 917 1497 Bacchum,

295 1506 395 1589 Nersa,
418 1509 476 1567 iam
501 1515 529 1568 te
553 1525 613 1567 non
636 1507 787 1567 homiuem
811 1506 930 1586 vacabo,
1190 1520 1205 1568 5

298 1595 357 1657 Sed
381 1598 470 1657 nimis
493 1596 610 1675 plenam
635 1606 665 1656 et
687 1596 818 1674 patulam
842 1595 986 1674 lagunam.

657 1771 723 1834 312

385 1888 434 1943 De
457 1887 562 1941 Fame
584 1886 675 1955 pieta
698 1885 734 1940 in
757 1885 894 1941 stabulo
917 1884 999 1942 eirei

298 2002 421 2073 Qualem
445 2013 474 2065 te
497 2008 595 2083 pietur
619 2003 742 2064 stabulis
767 2006 904 2065 formavit
928 2022 1082 2084 equorum,

342 2092 442 2153 Talem
467 2101 496 2153 te
521 2096 632 2153 nostris
656 2092 763 2153 hianda
787 2095 898 2154 referto
922 2095 1008 2173 iugiS.

299 2180 423 2260 Semper
447 2192 477 2243 et
500 2182 622 2242 adsidue
648 2183 785 2243 vincendi
809 2201 932 2243 munera
956 2191 1041 2262 porta

342 2270 404 2347 His,
429 2290 556 2351 quorum
580 2271 670 2331 limen
694 2272 780 2332 furtis
804 2274 896 2332 amica
920 2272 1015 2332 sedes.

658 2464 724 2528 313

635 2580 745 2636 Aliter

299 2698 419 2781 Verum,
441 2698 539 2780 Fama,
563 2698 619 2759 tibi
641 2699 755 2760 vultum
778 2700 895 2778 pictura
920 2700 1040 2778 notavit,

344 2788 419 2849 Dum
444 2790 525 2849 vivos
549 2788 652 2848 oeulos
676 2790 781 2848 iuncea
805 2788 899 2848 forma
923 2789 1009 2866 gerit.

283 2976 463 3031 6Montibue
481 2978 542 3031 AB
584 2976 699 3045 acepit
717 2979 749 3031 in
766 2979 794 3031 B
813 2978 901 3032 deleta
919 2983 985 3031 sant
1063 2975 1176 3030 ieredi

212 3046 241 3101 A
276 3046 405 3101 inceium
423 3048 450 3102 A
487 3047 591 3120 artem
608 3049 637 3101 B
655 3049 720 3100 tuae
740 3077 769 3090 ··
790 3051 865 3102 artes
880 3049 1021 3103 Baehrens
1075 3046 1175 3101 8Ter·

214 3118 287 3172 siten
300 3119 362 3174 AB
397 3121 479 3188 potes
497 3121 542 3174 ael
560 3118 639 3172 uales
658 3119 799 3174 Baehrens

285 3208 354 3264 311.
374 3213 388 3262 1
404 3208 477 3262 Dum
492 3207 572 3262 bibet
587 3208 660 3261 soloe
674 3210 805 3276 poteram
820 3208 896 3277 qued
909 3210 937 3263 A
950 3210 1085 3277 poterent
1099 3208 1175 3276 quod

213 3281 297 3351 aalpa
323 3284 437 3348 paterae
467 3282 537 3348 quot
559 3280 720 3350 Petschenip
811 3286 826 3333 2
850 3280 927 3333 urnis
956 3282 1049 3350 (qnasi
1076 3282 1177 3335 biberet

214 3354 326 3419 apaan)
345 3352 488 3406 Baehrens
546 3355 663 3403 eeurus
682 3352 709 3405 A
746 3350 832 3404 ferret
849 3352 878 3406 A
950 3351 1073 3405 5Nerae
1091 3353 1176 3422 nalpo

214 3437 321 3474 uoeauo
340 3423 368 3475 A
430 3428 445 3475 6
463 3422 595 3474 lacunam
614 3439 648 3475 ea
665 3421 720 3475 lue.
739 3422 768 3476 A
785 3421 918 3491 lagenam
937 3424 997 3478 edd.

285 3508 353 3564 ala.
377 3515 394 3561 4
414 3509 488 3564 aedis
507 3509 536 3562 A
553 3512 633 3563 tenes
653 3510 783 3581 Meyerne
802 3512 857 3580 (sed
876 3513 910 3577 ef.
930 3515 990 3579 330,
1006 3513 1033 3579 2)

286 3596 353 3650 313.
374 3602 388 3648 1
407 3596 520 3650 notabit
537 3597 566 3650 A
621 3604 636 3650 2
657 3599 724 3651 dum
742 3598 844 3668 uigiles
863 3601 961 3654 Barna.
