2672 3924
427 190 564 247 cometa
583 191 788 248 BERNENSIS
803 198 862 249 611.
1061 192 1127 258 353

536 367 558 420 3
579 366 629 422 De
648 365 752 421 calice

208 464 314 526 Nullus
337 474 371 526 ut
395 483 459 526 mea
482 464 534 526 lux
558 466 620 527 sola
644 476 780 545 penetrat
803 466 940 528 umbram

207 553 245 614 Et
269 563 373 615 natura
397 553 448 615 vili
471 557 563 616 miros
585 564 732 635 postpono
757 554 879 635 lapillos.

206 643 308 722 lgnem
332 644 395 704 lero
419 661 558 706 nascens:
582 652 669 705 uatus
692 644 729 704 ab
752 647 821 723 igne
845 645 960 724 fatigor.

208 732 293 793 Nulla
317 750 365 793 me
388 733 516 812 putredo
541 735 634 812 tangit
657 752 713 794 neo
736 733 842 794 funera
865 732 1001 795 turbant:

208 821 338 882 Pristina
362 821 522 883 defunctus
545 840 650 901 sospes
673 824 705 882 in
728 823 822 882 lorma
846 840 980 902 resurgo.

207 908 246 970 Et
268 912 362 971 amica
385 910 481 971 libens
505 911 605 972 oscula
628 913 749 991 porrigo
773 914 898 972 cunctis.

531 1096 550 1149 7
572 1097 621 1151 De
644 1094 756 1150 vesica

206 1193 306 1255 Teneo
330 1194 503 1278 liquentem,
527 1214 637 1275 sequor
661 1194 831 1256 membrana
855 1195 992 1258 celatum.

205 1281 337 1344 Verbere
361 1303 428 1345 nam
453 1303 553 1366 cursu,
577 1287 643 1346 visu
667 1303 756 1364 quem
780 1303 904 1346 cernere
928 1294 1021 1349 vetor.

206 1370 341 1453 lupletur
364 1374 470 1435 domus
493 1376 596 1435 invisis
621 1374 671 1435 sed
697 1392 787 1434 vacua
811 1373 911 1435 rebus.

205 1460 364 1523 Permanet
387 1463 457 1524 dum
481 1463 581 1524 cibum
605 1462 717 1524 nullum
742 1463 779 1523 de
803 1462 934 1542 pondere
958 1465 1046 1542 gessi.

207 1550 289 1622 Quae
313 1551 384 1612 dum
408 1550 508 1613 clausa
531 1553 635 1633 fertur,
658 1549 743 1611 velox
767 1551 803 1611 ad
827 1550 928 1611 nubila
952 1554 1058 1633 surgit,

205 1639 356 1701 Patefacto
379 1638 494 1700 nullum
517 1648 616 1719 potest
639 1647 742 1700 tenere
766 1649 944 1701 manentem.

552 1825 574 1878 8
596 1825 645 1879 Do
669 1837 733 1877 ovo

205 1923 274 1984 Nati
296 1933 391 1984 mater
414 1941 483 2002 ego:
506 1933 593 1985 natus
617 1923 653 1984 ab
677 1932 763 1984 utero
788 1943 914 1986 mecum.

204 2012 291 2073 Prior
314 2011 371 2097 illo
388 2031 447 2072 non
471 2031 547 2094 sum,
570 2031 688 2092 semper
711 2015 764 2092 qui
787 2013 859 2073 mihi
883 2032 1018 2076 coaevus.

205 2101 294 2181 Virgo
317 2104 376 2163 uisi
399 2119 521 2162 maneus
545 2119 706 2180 numquam
730 2105 888 2181 concipere
912 2120 1043 2180 possum.

207 2191 263 2252 Sed
288 2194 398 2252 intacta
422 2209 516 2251 meam
540 2190 617 2251 inira
641 2192 776 2269 concipio
800 2190 922 2270 prolem.

204 2279 276 2341 Post
300 2282 326 2340 si
350 2280 422 2340 mihi
445 2288 548 2340 venter
572 2279 726 2357 disruptus
749 2281 811 2339 ictu
835 2281 970 2361 patescit,

205 2368 336 2430 Moriens
359 2371 506 2430 viventem
530 2370 573 2428 sic
597 2386 719 2447 possum
742 2367 867 2428 fundere
891 2369 993 2430 fetum.

539 2553 560 2606 9
582 2552 631 2607 De
655 2551 747 2607 mola

207 2653 313 2714 Senior
336 2653 373 2715 ab
397 2671 477 2729 aero,
500 2652 561 2713 Eva
584 2671 651 2714 sum
674 2656 774 2714 senior
798 2671 861 2732 ego.

205 2741 244 2803 Et
267 2751 417 2804 senectam
440 2760 560 2822 gravem
584 2760 670 2803 nemo
694 2741 843 2803 currendo
867 2743 1001 2803 revincit.

231 2895 273 2948 De
291 2894 365 2950 uitro
385 2896 451 2952 Par.
470 2900 540 2949 otoo
617 2900 650 2949 31
670 2894 772 2949 Nullus
791 2894 882 2949 BVL
925 2893 969 2948 uli
991 2895 1019 2950 V
1059 2910 1124 2950 mea

161 2966 203 3038 P]
221 2982 314 3020 meam
327 2967 389 3021 BV
403 2982 448 3021 me
463 2971 518 3036 quel
533 2968 560 3021 L
597 2966 658 3020 sola
672 2983 722 3021 om.
737 2967 771 3033 L,
787 2965 847 3020 sola
861 2965 910 3019 lux
927 2966 1094 3021 VsolamB

161 3043 194 3092 32
209 3036 295 3091 miror
308 3038 336 3091 Β
377 3042 412 3091 34
425 3038 539 3107 putrido
554 3038 582 3091 Β
618 3036 713 3106 tangit
727 3035 871 3106 BVtegit
884 3037 911 3091 L
955 3042 989 3090 33
1003 3053 1122 3092 nascens

160 3109 220 3164 fero
243 3109 270 3163 V
328 3113 363 3162 35
382 3108 529 3165 defunctos
553 3109 580 3164 V
614 3109 705 3177 suspis
724 3109 752 3162 Β
771 3124 869 3178 sospes
888 3108 916 3162 P
976 3113 1010 3162 33
1029 3108 1125 3163 oseole

160 3181 189 3235 Β
224 3196 343 3250 porrego
361 3180 390 3234 B
462 3185 567 3234 att-42
585 3196 637 3235 om.
656 3180 684 3233 Β
743 3184 777 3233 38
795 3179 919 3234 Verbere
941 3179 969 3234 V
1028 3185 1062 3234 33
1081 3179 1124 3234 in·

160 3250 230 3306 uisis
249 3252 349 3307 domus
368 3251 395 3305 L
471 3258 506 3307 40
526 3251 620 3308 cibum
643 3252 684 3323 V]
704 3251 796 3305 uicem
814 3251 841 3304 L
877 3251 912 3305 de
936 3251 976 3323 V]
996 3250 1048 3305 sub
1062 3251 1090 3305 L

160 3381 194 3429 43
212 3376 311 3448 natus]
331 3375 473 3430 animatus
496 3376 524 3431 V
592 3381 627 3429 44
644 3374 726 3430 Prius
745 3376 774 3430 Β
810 3336 862 3444 qu?
878 3376 906 3430 L
942 3391 1046 3430 coauus
1065 3376 1092 3430 V

160 3451 195 3500 to
214 3445 356 3574 eoncppire
374 3449 402 3502 B
487 3452 522 3502 46
540 3446 617 3502 intra
636 3448 739 3519 Hapeu
824 3453 858 3502 47
877 3448 977 3501 uenter
993 3445 1065 3502 mihi
1083 3446 1125 3501 di-

160 3520 259 3587 ruptus
338 3517 497 3590 petiscitB
551 3524 585 3574 48
604 3538 632 3589 p.
652 3537 674 3576 s.
694 3519 721 3574 V
754 3518 865 3575 fundite
879 3520 908 3574 Β
943 3518 1051 3574 foetum
1064 3520 1092 3574 L

161 3591 195 3641 43
214 3588 275 3643 Eua
294 3607 357 3645 sum
374 3592 415 3663 B]
434 3608 571 3649 ceuosum
589 3591 616 3646 L
635 3590 715 3647 euasi
733 3591 760 3648 V
812 3597 846 3648 50
866 3593 979 3646 senecia
1002 3591 1030 3645 V

214 3687 308 3731 Antinoi.
323 3690 364 3732 let.
382 3692 401 3732 1.
929 3687 963 3735 23
