2672 3924
408 190 548 247 conteis
566 189 738 246 VOSSIANI
757 190 789 257 Q.
805 196 847 246 86.
1047 190 1113 255 315

110 372 127 420 o
192 358 279 419 Solus
302 358 398 419 honor
420 358 517 438 nobis,
540 376 592 417 arx
616 367 647 418 et
670 359 820 418 tutissima
842 357 929 418 nobis

235 448 273 508 Et
296 466 377 508 nunc
400 447 509 508 aillicto
534 445 595 507 sola
620 449 706 526 quies
729 449 836 525 animo,

193 535 306 619 Crispe,
330 537 404 597 fides
428 536 523 597 dulcis
547 535 722 615 placideque
746 539 890 597 acerrima
914 538 1019 616 virtue,

238 625 329 686 Cuius
354 625 497 704 Cecropio
521 634 644 702 pectora
668 623 754 685 melle
777 625 907 705 madent,

191 712 316 775 Maxima
340 713 469 775 facundo
492 713 538 775 vel
561 732 614 773 avo
638 712 684 773 vel
708 713 801 791 gloria
823 716 911 793 patri,

236 803 301 874 Quo
325 803 388 862 solo
413 811 512 863 careat
534 804 562 862 si
585 803 662 883 quis,
685 804 717 863 in
740 802 828 862 exilio
852 814 911 864 est:

191 890 321 952 Intactae
345 894 426 952 iaceo
450 893 529 952 saxis
552 889 669 952 telluris
692 891 866 971 adhaerens,

236 981 320 1040 Mens
344 990 444 1041 tecum
467 987 522 1062 est,
546 979 625 1040 nulla
649 998 725 1059 quae
750 980 909 1042 cohibetur
931 980 1031 1041 humo.

592 1173 659 1238 406
1053 1208 1080 1247 a.
1093 1207 1120 1246 11
1129 1208 1165 1249 aa.

249 1287 298 1341 De
322 1287 427 1342 sacris
450 1288 624 1344 evocantis
648 1287 778 1345 animae
800 1290 1005 1357 Magnorum
1043 1260 1164 1356 3353de

189 1405 260 1467 Fata
283 1424 338 1484 per
361 1405 505 1467 humanas
528 1405 634 1466 solitus
657 1425 855 1486 praenoscere
878 1407 970 1468 libras
1052 1415 1055 1419 ’

233 1494 345 1573 Impius
369 1494 505 1555 irlandae
530 1495 683 1573 religionis
706 1515 780 1575 apex
967 1497 969 1500 ’

188 1583 322 1645 Pectoris
345 1585 467 1661 ingenui
490 1583 624 1644 salientia
648 1586 762 1659 viscera
785 1583 911 1645 flammis
1031 1599 1127 1665 fourr
1140 1618 1163 1655 r,

233 1672 394 1750 Imposuit3
419 1674 533 1749 magico
557 1674 688 1732 carmine
712 1675 794 1752 rupit
817 1674 950 1756 humum,

189 1765 288 1821 Ausus
312 1760 348 1820 ab
372 1760 480 1840 Elysiis
502 1759 676 1839 Pompeium
700 1761 811 1823 ducere
835 1762 960 1843 campisl

233 1849 291 1909 Pro
316 1850 421 1929 pudor,
445 1849 502 1910 lroc
525 1868 644 1910 sacrum
669 1849 793 1930 Magnus
816 1860 850 1912 ut
873 1851 1033 1932 aspiceret!

190 1938 296 2019 Stulte,
320 1938 392 2018 quid
415 1938 541 1998 infernis
565 1938 737 2018 Pompeium
766 1943 886 2019 quaeris
914 1945 946 2002 in
973 1940 1110 2004 umbris?

232 2026 298 2087 Non
322 2029 421 2106 potuit
444 2030 535 2088 terris
559 2030 684 2107 spiritus
707 2028 756 2088 ille
780 2029 889 2107 premi!

593 2202 658 2267 407
985 2240 1012 2279 Β.
1025 2239 1163 2283 mco-oa.

454 2317 503 2371 De
526 2316 597 2372 vita
619 2319 796 2374 humiliori
1002 2294 1163 2392 M'd‘fflfss

188 2413 270 2478 ‘Vive
295 2426 325 2480 et
347 2418 493 2478 amicitias
517 2436 622 2496 regum
645 2415 736 2497 luge'.
781 2438 876 2499 pauca
899 2422 1055 2485 monebasr

232 2507 378 2568 Maximus
402 2506 450 2566 hic
474 2506 624 2586 scopulus,
647 2526 707 2568 non
731 2515 830 2569 tamen
854 2528 940 2592 unus,
964 2521 1036 2574 erat.

216 2665 231 2713 5
250 2660 358 2715 honora
377 2661 404 2716 V
436 2676 481 2713 ars
497 2661 524 2715 V
575 2666 590 2714 7
608 2660 778 2730 placideque
791 2662 923 2719 Duebner
935 2664 1068 2735 placidiq.
1084 2667 1112 2722 V

145 2730 314 2800 Suadaeque
342 2731 478 2788 Schrader
505 2730 637 2799 Latiique
664 2734 761 2788 Burm.
827 2734 898 2788 fides
925 2753 979 2806 pro
1012 2741 1109 2807 amica,

144 2801 235 2856 uirtus
255 2821 308 2872 pro
330 2806 393 2859 uiro
416 2804 486 2871 sorti
499 2805 593 2872 posita
610 2810 676 2858 sunt
765 2809 781 2856 8
801 2821 933 2874 cecropeo
952 2825 986 2862 m.
1005 2825 1055 2864 aec.
1075 2828 1109 2865 en

144 2872 203 2943 ·pio
228 2875 258 2928 V.
297 2875 332 2940 cf.
356 2874 502 2929 Martialis
524 2874 586 2929 VII
601 2879 683 2938 69‚a
714 2874 804 2928 ‘cuiue
831 2875 966 2946 Cecropia
992 2882 1109 2949 pectora

143 2961 213 2999 noce
231 2945 359 2998 madent'
421 2949 437 2997 9
457 2944 504 2998 aui
528 2946 555 3000 V
614 2951 647 2998 11
666 2948 711 2998 An
729 2948 761 2999 tu
779 2946 826 3000 oui
843 2946 922 3003 iaceo
947 2951 1107 3019 Kcorrena'.

143 3015 188 3069 En
205 3015 252 3069 hic
271 3015 321 3083 qui
338 3015 417 3070 iaceo
437 3017 567 3070 Pithoeus
590 3014 714 3085 Cyrneae
733 3033 769 3070 en
790 3018 955 3090 Oudendorp
980 3022 1107 3077 incultae

143 3087 283 3141 Baehrens
338 3092 371 3140 12
391 3104 417 3154 q;
438 3088 466 3142 V

215 3158 283 3214 406.
311 3157 437 3211 euocatis
462 3159 494 3224 V,
516 3161 623 3213 correxi
648 3159 807 3213 euocaturis
832 3162 974 3218 Baehrens
1009 3163 1108 3235 Magni

139 3236 210 3298 puto
282 3228 435 3282 ainfanda
453 3228 604 3298 relegionis
627 3230 654 3284 V
704 3246 772 3300 apes
797 3233 824 3287 V
847 3249 920 3301 apex
938 3235 1060 3306 Scaliqer

144 3305 160 3353 3
180 3299 321 3368 sapientia
344 3301 376 3368 V,
394 3317 463 3354 corr.
482 3300 605 3371 Scaliper
644 3300 752 3371 flamus,
771 3304 818 3357 sed
835 3321 915 3373 coru,
938 3305 966 3360 V
1034 3311 1050 3361 5
1069 3306 1106 3361 ab

144 3370 261 3439 elybicis
286 3371 318 3439 V,
337 3389 404 3426 corr.
424 3371 547 3442 Scala'per

215 3443 283 3497 407.
305 3442 333 3497 A
348 3442 485 3513 Scalipew
503 3444 536 3496 a'n
553 3444 609 3497 tria
628 3445 754 3498 carmina
767 3462 914 3514 perperam
931 3449 1106 3519 discerptum.

143 3513 178 3579 ef.
197 3513 317 3568 Ouidius
333 3513 415 3569 Trici.
429 3514 486 3567 ΠΙ
495 3518 549 3582 4,4
568 3513 650 3568 ‘Viue
665 3514 720 3568 libi
733 3517 763 3570 el
775 3516 859 3585 longe
873 3518 988 3573 nomina
1002 3537 1107 3591 magna

143 3583 221 3652 fuge*
236 3600 291 3654 sqq·
366 3590 382 3639 2
401 3585 510 3657 lamen]
529 3588 590 3640 tam
607 3603 744 3656 suprascr.
764 3605 798 3644 nr.
817 3606 866 3644 sec.
891 3591 918 3646 V
