2646 3920
530 178 736 233 PRAEFATIO
1044 176 1118 231 XLV

151 348 196 406 nd
212 349 368 407 leotronam
387 350 484 423 ipsam
499 349 635 423 pertinet
652 350 741 422 tunae
756 350 969 423 praestantior
987 356 1032 408 est
1020 347 1115 408 tr-Sa

152 438 326 510 2222222222,
359 439 403 497 ita
435 443 549 510 tamen,
581 442 616 496 222
642 439 789 498 nonnulla
816 439 991 497 necessario
1020 455 1036 497 e
1065 437 1116 496 Pi

153 526 282 584 tboeuno
314 528 435 600 corr-tyr·
470 527 601 586 debeant
588 518 641 607 tl).
691 525 790 585 Teuta
822 531 868 585 est
898 531 999 586 eutem
1036 529 1117 586 inter

152 621 317 688 utrumque
335 611 526 690 discrepent
513 632 554 691 aa,
577 621 611 674 222
629 612 790 689 manifesto
809 616 997 675 anniversale
1016 632 1116 675 errem-

148 703 291 778 plaribus
314 705 375 764 siut
397 706 546 779 descripti
552 698 572 763 '.
610 702 703 763 blulto
723 702 854 763 deterior
873 710 904 763 et
921 704 1020 763 minus
1039 702 1117 762 fidus

152 800 187 851 ut
219 809 309 868 supra
342 791 404 852 dixi
435 791 612 871 plerumque
650 801 696 852 est
730 792 761 852 V.
806 792 904 870 Atque
941 800 975 851 ut
1007 791 1117 852 elarius

152 880 242 940 etiam
279 890 420 959 appareat
457 888 600 960 quantum
636 884 663 940 Α
703 882 812 941 ceteris
849 888 981 958 praestet
1018 887 1049 941 et
1081 880 1116 940 ad

151 971 324 1047 primariam
352 969 481 1049 syllegae
504 970 628 1031 sormam
651 969 701 1030 bie
723 969 784 1030 illic
807 987 863 1029 nos
886 979 1015 1049 revocet,
1044 969 1118 1030 duas

152 1075 202 1118 res
225 1057 353 1118 afferam.
400 1058 533 1119 Primum
560 1062 591 1119 in
615 1059 737 1119 Luxorii
766 1078 790 1120 e.
811 1056 889 1139 302,
915 1056 957 1119 14
986 1077 1041 1139 pro
1066 1077 1117 1120 ar-

153 1154 254 1208 rectos
282 1146 391 1227 legitur
418 1153 598 1210 ulnrreetos.
639 1147 717 1219 Quid
740 1147 797 1208 boe
821 1147 878 1207 sibi
906 1144 990 1209 vult?
1026 1146 1117 1208 Libro

154 1253 262 1315 nempe
287 1236 418 1297 noudum
442 1237 522 1299 edito
546 1245 631 1316 poeta
656 1256 728 1298 voee
752 1241 800 1298 nel
820 1231 852 1318 (i.
874 1256 898 1297 e.
918 1229 965 1318 ut)
989 1237 1119 1316 eligendi

154 1323 213 1385 sibi
236 1323 393 1387 arbitrium
418 1329 587 1407 reservavit,
611 1335 713 1387 utrum
737 1345 762 1388 v.
789 1322 828 1386 13
853 1343 890 1385 an
915 1322 958 1387 14
980 1334 1118 1406 receptu·

155 1430 208 1473 rus
231 1424 325 1475 esset:
350 1434 425 1494 quae
444 1427 507 1476 tum
531 1415 635 1477 vocula
654 1419 685 1476 iu
704 1418 731 1475 Α
753 1416 905 1476 remansit
950 1414 1051 1476 Altera
1070 1434 1119 1477 res

154 1502 228 1563 baec
252 1511 311 1564 est:
350 1502 439 1581 [Nota
462 1505 493 1575 Bc
516 1507 578 1565 sive
601 1504 711 1591 Rasive
729 1504 776 1586 [Bt
803 1521 879 1583 quae
907 1506 937 1563 iu
966 1504 1068 1564 codiee
1092 1507 1119 1564 Α

155 1594 267 1669 septies
290 1602 371 1654 extat
394 1587 461 1675 (17,
482 1591 559 1675 334,
584 1590 657 1672 149,
676 1590 711 1674 3,
736 1589 809 1674 151,
829 1589 863 1673 2,
890 1590 962 1673 199,
981 1590 1037 1675 68,
1062 1591 1119 1674 78,

155 1677 229 1760 302,
255 1676 311 1762 14,
344 1679 422 1762 353,
448 1676 526 1762 7)
532 1677 675 1744 retraeta'
708 1677 795 1743 vel
802 1639 940 1761 reqbire'
972 1682 1120 1761 significat

155 1763 236 1828 vel
241 1727 429 1849 reqbiratur'
453 1772 500 1831 vel
518 1764 768 1851 requirendum'
791 1790 832 1833 se
851 1770 897 1831 vel
921 1773 989 1850 quis
1011 1770 1061 1831 ille
1081 1773 1120 1831 sit

157 1858 193 1917 de
219 1876 277 1937 quo
301 1861 440 1921 inversu
464 1869 576 1941 agatur,
601 1861 646 1921 vel
670 1860 817 1941 quomodo
840 1879 946 1922 versus
969 1863 1064 1940 possit
1083 1879 1120 1920 ex

156 1946 213 2006 aliu
238 1946 340 2008 codiee
365 1949 532 2032 emendari,
560 1951 597 2011 ei.
617 1947 691 2030 683,
717 1947 758 2011 19
782 1956 813 2010 et
835 1946 910 2030 684,
936 1947 954 2009 7
978 1951 1010 2010 in
1033 1948 1120 2010 'luri-

156 2039 240 2096 eensi
261 2034 312 2116 78,
331 2044 361 2098 et
380 2037 585 2120 wattenbach,
605 2039 804 2101 Sebriltthum
821 2047 877 2098 ete.
897 2037 942 2098 ed.
957 2037 984 2098 ll
1001 2058 1030 2118 p.
1045 2034 1120 2100 281.

158 2157 196 2167 -
221 2125 356 2186 Alterum
380 2137 482 2188 utrum
504 2128 560 2190 bae
584 2148 702 2208 quoque
721 2137 791 2189 nota
805 2153 841 2177 ω
855 2124 922 2209 (17,
936 2125 1016 2206 240,
1039 2124 1119 2208 243,

158 2209 209 2293 18,
233 2212 289 2295 40,
313 2212 366 2298 21,
393 2215 468 2299 199,
494 2215 566 2298 198,
590 2213 647 2300 50)
671 2217 716 2277 vel
739 2224 775 2284 z
798 2216 865 2298 (17,
889 2209 970 2299 252)
994 2216 1120 2276 fortasse

157 2305 351 2385 significatur,
366 2324 441 2385 quae
456 2318 555 2367 tamen
570 2309 700 2367 recentis
715 2308 820 2367 aetatis
834 2324 901 2367 esse
915 2305 989 2365 mibi
999 2324 1024 2366 a.
1034 2302 1119 2367 1869

157 2392 256 2452 denuo
275 2396 466 2473 investiganti
484 2398 547 2455 visa
566 2405 619 2455 est.
657 2394 738 2467 Quae
753 2403 800 2456 est
820 2404 889 2454 nota
908 2411 1000 2472 super
1019 2397 1122 2470 templi

155 2477 222 2562 (21,
239 2476 319 2565 192)
342 2485 383 2544 ita
408 2508 449 2565 m,
472 2484 586 2545 hiatum
610 2485 727 2544 videtur
749 2493 853 2544 notare
877 2481 1117 2560 emendandum]

157 2567 190 2629 ln
215 2580 294 2632 tanta
314 2572 383 2634 libri
401 2577 428 2633 Α
451 2576 631 2652 praestantia
655 2580 754 2634 tamen
774 2574 875 2633 neeis
899 2570 1019 2648 quidem
1038 2572 1121 2651 lueis,

157 2658 210 2719 ubi
224 2679 328 2721 omnes
347 2666 548 2743 consentiunt,
566 2664 637 2724 vitia
656 2662 778 2723 absunt:
798 2679 872 2740 quae
892 2662 954 2720 sive
974 2661 1003 2720 iu
1023 2663 1120 2740 primo

159 2748 288 2828 syllegae
312 2751 472 2832 archetypo
497 2754 558 2812 sive
582 2760 654 2813 tune
678 2751 795 2830 saltem,
825 2768 893 2810 eum
922 2748 1049 2810 familiae
1072 2769 1120 2811 eo·

158 2838 258 2898 dicum
286 2834 327 2899 Α1
350 2851 380 2900 et
403 2841 469 2900 BV
488 2850 711 2922 separarentur,
744 2842 802 2900 iam
830 2839 961 2901 adfuisse
990 2847 1120 2900 statuen-

158 2926 231 2988 dum
250 2938 304 2989 est.
350 2928 437 2990 Velut
456 2930 535 3009 quod
561 2950 586 2990 e.
608 2929 681 3012 117,
703 2926 745 2991 21
770 2932 889 2992 nomine
912 2931 1006 3014 bestip
1029 2929 1125 2990 ABV

159 3016 308 3097 exhibent,
332 3017 385 3079 ubi
409 3037 476 3079 eum
499 3019 676 3080 Sannazario
699 3038 819 3082 uomere
837 3022 927 3080 222222
950 3017 1122 3099 legendum,

231 3206 309 3275 1)In
327 3207 355 3261 A
375 3223 458 3276 saepe
477 3206 508 3260 in
525 3207 618 3262 verbis
637 3224 699 3262 sese
717 3206 922 3277 excipientibus
944 3206 1043 3260 littere
1059 3220 1122 3274 pro·

159 3274 237 3329 xima
255 3280 306 3332 nul
324 3277 430 3332 excidit
448 3280 504 3340 (lue
522 3296 616 3335 ameno
635 3284 687 3333 202
706 3296 757 3349 pro
777 3281 836 3335 luen
859 3295 987 3345 22222222,
1008 3294 1054 3332 ser
1071 3292 1121 3344 pro

159 3364 218 3403 sors
237 3354 297 3418 193,
316 3351 344 3419 4)
368 3353 418 3403 aul
445 3349 607 3419 duplicatur
634 3352 728 3419 (soluit
754 3352 871 3405 tumenti
898 3353 960 3416 200,
976 3321 1011 3401 21
1031 3364 1121 3416 pros

158 3422 396 3485 222222222,·122222
415 3421 477 3493 [pro
495 3423 572 3493 Ioue]
590 3424 710 3477 mundus
728 3426 790 3489 239,
809 3427 838 3488 8,
865 3421 940 3476 uellit
929 3418 1026 3491 t[pro
1044 3420 1122 3491 uelle]

159 3463 325 3561 uertebra,
350 3498 379 3560 2,
408 3494 522 3563 pincerna
548 3494 655 3563 sagittis
683 3494 745 3563 [pro
774 3463 868 3564 agilis]
896 3496 957 3560 354,
982 3493 1016 3561 2.)
1063 3492 1123 3546 Hoe

160 3536 352 3617 Duebnerus'
343 3580 402 3617 1am
420 3563 629 3619 animadvertit.
