2646 3920
219 179 307 234 XLVI
596 180 810 237 PRAEFATIO.

222 347 361 427 quodque
381 346 420 409 ih.
442 344 496 427 16,
531 347 582 408 rubi
610 350 736 424 flabella
764 347 906 408 Heinsius
935 357 1016 409 recte
1049 350 1189 431 coniecit,

217 437 329 514 serdille
353 438 383 497 in
406 438 448 518 Α,
472 437 589 514 fabella
612 440 643 498 in
662 438 702 517 B,
731 437 822 514 faula
845 438 876 498 in
907 439 1041 498 Vextat.
1087 437 1190 500 Patuit

219 528 313 605 igitur
336 543 466 606 campus,
496 544 674 605 quamquam
697 544 758 586 nou
781 528 902 608 ingens,
933 529 1052 605 ingenia
1082 546 1188 607 exper-

219 617 307 695 turis,
325 633 454 694 cumque
473 615 565 675 multa
585 615 711 676 futiliter
730 624 958 697 complerentur,
977 615 1069 676 multa
1084 623 1186 678 tamen

220 703 289 765 inde
308 723 324 764 a
344 703 488 784 Scaligeri
505 704 624 765 Pithoei
643 703 778 765 Salmasii
796 703 913 765 Heiusii
931 707 1012 765 curis
1030 705 1186 784 praeclare

220 793 375 853 emendata
398 800 478 854 suut.

285 881 479 943 coniecturas
507 888 606 942 autem
634 889 665 943 et
692 882 817 943 aliorum
837 891 867 943 et
895 901 975 943 meas
1004 900 1183 943 commemo-

219 973 282 1032 ravi
300 990 350 1032 eas
373 978 498 1051 tautum,
523 989 597 1049 quae
619 980 670 1032 aut
693 970 862 1051 prohabiles
881 980 932 1032 aut
950 972 1048 1050 aliqua
1066 974 1183 1033 ratione

219 1058 427 1120 memorabiles
446 1061 526 1119 visae
545 1066 624 1120 suut.
670 1058 724 1120 His
747 1061 841 1139 signis
862 1058 896 1138 []
919 1059 1007 1121 verba
1027 1059 1063 1121 ab
1083 1079 1182 1121 emen·

219 1148 358 1210 dantibus
391 1149 488 1208 addita
518 1150 750 1228 circumscripsi.
796 1148 937 1211 Codicum
967 1149 1100 1229 [praeter
1132 1168 1184 1210 eos

220 1256 297 1318 quos
320 1237 441 1298 disertis
464 1236 564 1298 verbis
584 1237 701 1316 excepi]
726 1238 870 1299 lectiones
894 1257 997 1299 omnes
1021 1245 1180 1318 praetere

219 1336 250 1388 et
273 1346 311 1389 oe
334 1329 413 1387 inter
441 1345 473 1388 se
506 1334 685 1387 commutata
718 1345 807 1407 quam
839 1327 1064 1406 diligentissime
1097 1331 1182 1406 potui

218 1418 343 1476 enotavi.
389 1415 560 1477 Carminum
585 1417 797 1495 inscriptiones
821 1435 858 1477 ex
882 1416 1036 1477 codicibus
1059 1419 1179 1478 retinui.

217 1506 241 1566 Α
266 1507 361 1584 poetis
384 1507 459 1585 ipsis
482 1523 532 1565 eas
556 1508 713 1583 provenire
737 1523 797 1565 uon
821 1505 886 1566 dico
912 1498 963 1589 (ci.
987 1524 1012 1566 e.
1036 1524 1061 1566 c.
1085 1498 1180 1588 269);

217 1594 376 1656 retinendo
395 1602 495 1656 autem
514 1602 545 1654 et
568 1594 708 1655 editionis
727 1596 836 1655 rationi
855 1602 885 1656 et
903 1612 1005 1655 rerum
1028 1594 1179 1656 interdum

218 1684 424 1763 perspicuitati
448 1681 663 1744 consulendum
687 1686 796 1762 putavi.

286 1771 406 1847 [Paucis
425 1771 585 1832 dicendum
604 1778 651 1832 est
674 1772 710 1832 de
734 1779 797 1833 arte
822 1773 925 1833 critica
948 1775 978 1832 iu
1003 1771 1179 1852 Symphosio

218 1855 259 1943 (c.
279 1853 360 1943 286)
388 1859 562 1921 exercenda.
607 1859 641 1921 ln
667 1879 725 1939 quo
749 1862 934 1922 recensendo
954 1880 1028 1941 quas
1050 1864 1181 1922 rationes

219 1960 341 2010 secutus
366 1951 422 2010 sim
445 1968 514 2010 cum
537 1952 596 2009 iam
620 1968 647 2028 p.
667 1947 730 2010 221
743 1968 787 2028 sq.
804 1954 1019 2031 exposuerim,
1046 1950 1121 2011 addo
1145 1949 1179 2011 li-

217 2038 288 2099 bros
306 2041 334 2100 Α
352 2057 374 2099 οι
393 2037 484 2100 dubi
503 2037 545 2097 nil
564 2038 600 2098 de
620 2041 663 2098 eis
682 2038 820 2099 adnotavi
838 2046 1011 2100 contextum
1029 2057 1137 2120 meum,
1155 2039 1178 2120 β

216 2127 268 2189 ubi
302 2126 375 2188 nihil
406 2127 467 2188 dixi
499 2129 706 2187 recensionem
728 2130 758 2187 B
786 2129 880 2206 sequi.
926 2128 1126 2189 Receusiones
1149 2130 1178 2189 D

217 2227 247 2279 et
270 2218 299 2277 B
320 2216 356 2276 ab
379 2219 444 2295 ipso
473 2222 560 2297 poeta
593 2217 742 2294 proiectas
775 2217 845 2277 olim
878 2216 952 2298 dixi3
985 2217 1063 2296 quod
1097 2235 1177 2278 nernc

215 2326 275 2367 nou
295 2316 354 2367 tam
378 2306 505 2367 fidenter
528 2305 657 2384 profero,
681 2324 778 2385 neque
803 2315 902 2366 tamen
921 2305 1102 2367 Baehrensio
1126 2309 1179 2386 qui

216 2415 252 2457 ex
281 2392 450 2457 ‘Octaviani
482 2390 666 2473 anthologia'
699 2389 750 2476 (ex
778 2388 823 2477 A)
853 2399 981 2473 genuina
1010 2395 1179 2475 Symphosii

215 2484 306 2546 verba
330 2494 360 2545 et
382 2484 496 2564 glossas
520 2485 740 2544 contaminante
763 2484 817 2544 has
840 2485 959 2544 demum
987 2487 1179 2545 recensiones

215 2575 379 2636 disiunctas
399 2574 480 2655 dicit,
505 2572 659 2651 astipulari
680 2590 812 2653 possum,
832 2574 941 2653 quippe
962 2575 1013 2651 qui
1031 2572 1066 2632 ad
1086 2567 1178 2634 ‘viros

215 2663 319 2724 doctos
339 2662 449 2723 saeculi
468 2657 598 2740 septimi'
619 2670 653 2722 ut
670 2664 877 2722 recensiouum
898 2661 1025 2722 duarum
1040 2673 1178 2723 auctores

215 2752 376 2830 confugere
396 2760 517 2811 coactus
536 2753 583 2831 sit,
606 2768 673 2811 cum
694 2758 793 2810 tamen
813 2749 931 2811 saeculo
951 2753 1076 2830 septimo
1096 2750 1179 2812 docti

214 2844 279 2902 eius
307 2842 426 2918 generis
454 2839 566 2899 luerint
598 2857 723 2918 prorsus
756 2839 837 2900 nulli.
883 2839 1030 2918 Equidem
1058 2842 1083 2900 si
1116 2858 1176 2900 nou

215 2929 341 3007 abipso
368 2938 470 3008 poeta,
498 2939 527 2988 at
555 2935 636 2989 certe
664 2927 701 2989 ab
729 2928 902 3009 aequalibus
931 2930 996 2989 eins
1019 2928 1065 2989 vel
1093 2927 1177 2990 brevi

215 3027 296 3098 post,
330 3036 398 3078 cum
422 3019 487 3078 eius
515 3019 679 3096 aenigmata
706 3020 860 3079 etiamtum
884 3020 1010 3079 maxime
1033 3019 1177 3098 vigerent,

213 3106 303 3168 rerba
331 3106 453 3168 ludendi
481 3124 569 3166 causa
597 3098 702 3189 (idque
730 3107 880 3168 interdum
904 3116 933 3167 et
962 3109 1120 3186 praecipue
1144 3110 1175 3168 iu
1255 3170 1257 3178 ,

213 3199 244 3258 Β
271 3214 331 3258 non
365 3199 436 3257 satis
468 3189 610 3278 feliciter)
638 3198 792 3256 immutata
820 3197 1071 3274 recensionesqne
1101 3214 1176 3275 quae

213 3290 243 3347 iu
268 3290 294 3348 Α
317 3288 547 3366 contaminatae,
575 3286 606 3345 iu
634 3286 697 3345 DB
726 3293 879 3364 separatae
908 3294 978 3345 sunt
1006 3294 1086 3345 ortas
1110 3303 1176 3346 esse

213 3374 372 3452 existimo]
