2672 3924
242 196 306 262 368
606 194 827 251 AENIGMATA

185 348 188 353 ’
284 362 379 443 Caput
401 362 460 424 illis
483 362 607 446 nullum,
630 363 682 424 sed
707 381 740 423 os
764 381 832 425 eum
857 381 983 444 corpore
1007 365 1139 443 cingunt.

282 452 369 514 Nunc
393 460 505 515 stantes
529 461 559 515 et
582 470 662 514 nuno
686 453 818 513 iacentes
841 452 970 532 plurima
992 460 1121 533 portant.

618 654 658 709 55
681 656 730 709 De
753 654 824 709 0010

285 774 404 835 Semine
428 791 484 834 neo
507 771 568 834 ullo
592 775 686 852 patris
710 780 809 834 ereata
832 790 981 852 renascor,
1203 787 1256 837 335

283 861 380 923 Vbera
405 881 460 923 neo
484 864 587 922 matris
611 863 686 943 suxi,
710 880 770 942 quo
794 880 931 923 crescere
954 879 1082 943 possem,

283 949 490 1031 Vberibusque
513 952 588 1011 meis
611 969 666 1030 ego
690 969 778 1031 saepe
803 951 905 1012 reficio
929 950 1047 1012 multos.

284 1039 413 1120 vestigia
436 1039 516 1101 nulia
532 1041 634 1119 ,figens
656 1039 830 1121 perambulo
855 1049 960 1101 terras.

283 1128 349 1190 Non
373 1132 469 1190 anima
494 1147 549 1190 nee
572 1146 641 1189 oaro
665 1129 737 1190 mibi
762 1137 832 1191 sunt
855 1147 910 1191 neo
932 1137 1031 1191 cetera
1050 1127 1192 1209 membra,

284 1218 422 1280 Attamen
445 1217 571 1297 aligeras
594 1217 687 1279 reddo
711 1218 897 1297 temporibus
921 1217 1051 1279 umbras,
1204 1232 1256 1282 330

601 1419 642 1474 56
665 1421 714 1474 De
736 1419 840 1475 verbo
894 1446 897 1453 ·

285 1536 347 1599 Vna
370 1538 444 1599 mihi
467 1556 553 1598 soror
576 1547 631 1618 est,
653 1555 733 1599 unus
757 1547 787 1598 et
810 1555 864 1617 ego
887 1540 993 1599 sorori.
1045 1596 1050 1609 ,

284 1627 399 1688 Coniux
422 1626 471 1687 illa
495 1627 575 1702 mibi,
599 1625 689 1687 huius
713 1634 743 1687 et
767 1645 821 1706 ego
845 1629 979 1688 maritus.

284 1716 357 1777 Narn
372 1734 534 1796 numquam
550 1734 609 1777 uno
624 1715 674 1776 sed
685 1711 876 1795 ’100111000ιο
887 1717 1097 1795 coniungimur
1107 1714 1203 1798 ambo,

285 1805 343 1866 Sed
368 1805 404 1866 de
428 1804 514 1884 longe
537 1823 631 1865 meam
655 1814 867 1884 praegnantem
890 1804 983 1866 reddo
1007 1822 1151 1867 sororem.

285 1893 439 1974 Quotquot
461 1892 510 1953 ilia
534 1911 587 1957 suo
611 1895 707 1972 gignit
730 1911 766 1953 ex
791 1906 875 1954 utero
899 1903 1013 1974 partus,
1203 1908 1256 1958 335

284 1983 415 2045 Cunctos
439 2001 498 2044 uno
522 1982 614 2043 reddo
638 1990 734 2043 tectos
758 1982 795 2043 de
818 1982 905 2063 peplo
929 1993 1061 2062 nepotes.

619 2182 724 2239 57Βο
747 2182 824 2253 igne

284 2301 449 2365 Prohibeor
472 2301 553 2364 solus
578 2306 674 2363 noetis
697 2302 798 2363 videre
822 2301 961 2364 tenebras

285 2392 323 2454 Et
346 2391 490 2453 absconse
514 2393 607 2452 ducor
630 2391 716 2471 longa
739 2411 794 2473 per
817 2393 880 2452 avia
903 2392 1030 2471 fugiens.

284 2480 370 2543 Nulla
393 2482 467 2542 mibi
490 2480 574 2543 velox
598 2483 659 2541 avis
682 2484 801 2542 inventa
825 2481 932 2561 volatu,

285 2570 360 2632 Cum
383 2569 484 2631 videar
508 2568 603 2631 nullas
627 2578 744 2649 gestare
769 2587 894 2649 corpore
917 2571 1032 2648 pinnas.
1205 2581 1257 2631 340

284 2658 338 2720 Vix
361 2660 480 2720 auferre
502 2658 643 2738 praedam
666 2677 713 2720 me
738 2676 837 2719 eoram
861 2657 936 2719 latro
959 2656 1076 2719 valebit.
1205 2669 1256 2720 343

284 2748 416 2829 Corpore
441 2747 556 2809 deiecta
578 2747 663 2808 velox
688 2747 897 2827 conprehendo
922 2756 1080 2808 senectam.
1205 2758 1257 2808 344

313 2959 366 3008 334
379 2954 474 3027 Nune]
489 2953 564 3008 Nam
579 2955 638 3008 LV
690 2957 719 3009 et
731 2971 806 3008 0000
819 2953 931 3025 scripse]
952 2952 1027 3007 enim
1040 2952 1067 3006 L
1081 2968 1148 3006 nem
1163 2952 1191 3007 V

242 3026 577 3081 335010010500000010
587 3026 614 3081 V
646 3030 698 3079 337
713 3041 767 3094 que
781 3042 832 3081 om.
843 3025 870 3078 L
888 3040 941 3094 ego
951 3023 1021 3078 meis
1031 3026 1092 3094 (om.
1108 3024 1205 3093 saepe)

241 3098 268 3151 L
335 3102 387 3151 333
406 3099 471 3152 1100
489 3114 512 3152 0.
531 3112 584 3151 000
602 3113 626 3151 a.
652 3097 679 3152 V
711 3096 815 3150 Anima
837 3112 889 3150 neo
908 3113 931 3151 0.
951 3095 978 3149 L
1000 3094 1077 3165 (Non
1094 3101 1120 3150 et
1138 3095 1205 3147 sunt

240 3187 291 3225 ono.
311 3168 348 3237 L)
421 3173 474 3223 330
492 3167 536 3224 Al.
554 3171 651 3222 tamen
665 3167 692 3221 L
764 3172 814 3222 331
834 3169 879 3221 est
896 3184 946 3222 om.
961 3166 988 3220 L
1049 3171 1101 3220 333
1118 3163 1206 3218 huius

241 3241 268 3295 L
286 3239 365 3294 euius
380 3241 408 3294 V
440 3244 493 3293 334
511 3239 546 3293 de
564 3239 649 3309 longe
663 3240 691 3293 V
705 3255 723 3292 a
739 3239 824 3309 longe
843 3239 879 3305 L,
892 3240 928 3306 of.
937 3255 965 3293 u.
976 3242 1027 3293 371
1072 3241 1124 3290 335
1138 3251 1206 3290 0000

241 3312 303 3366 BV
322 3328 388 3365 suus
406 3311 434 3365 L
456 3327 506 3366 suo
525 3311 628 3382 Rapere
676 3309 770 3379 gingii
787 3312 815 3365 B
865 3312 915 3365 rito
939 3310 967 3365 V
1010 3311 1108 3378 partos
1126 3306 1154 3361 B

242 3387 293 3435 330
311 3381 395 3451 peblo
414 3382 441 3436 L
501 3381 543 3436 De
561 3380 623 3450 igni
640 3382 667 3436 L
728 3386 781 3435 333
800 3380 878 3452 auia]
897 3378 945 3435 uia
964 3381 991 3435 L
1026 3379 1127 3449 fugens
1141 3378 1168 3432 L

242 3457 294 3505 340
312 3451 395 3506 uider
412 3452 439 3506 L
479 3452 510 3506 in
528 3469 551 3507 0.
571 3453 598 3508 V
633 3469 742 3523 pennas
761 3453 820 3508 LV
856 3451 1008 3521 eorporiB
1085 3454 1138 3504 344
1156 3448 1206 3504 de·

241 3521 316 3575 fecto
334 3524 400 3578 oiim
417 3526 517 3593 scripsi
535 3523 647 3578 defecta
664 3524 757 3579 BLV
796 3523 880 3579 uelox
897 3524 925 3577 B
961 3521 1126 3593 eonphendo
1144 3520 1207 3575 BL

242 3593 411 3661 eomprendo
431 3595 458 3649 V
509 3598 561 3648 344
579 3601 618 3650 eat
631 3602 695 3666 post
713 3601 765 3650 343
784 3595 934 3662 in·BLV;
952 3595 1005 3651 hue
1022 3594 1184 3663 transposui
