2646 3920
541 207 745 264 PRAEFATIO
1041 208 1130 264 XLIII

163 370 301 456 (petiere,
324 367 491 458 scrutina),
516 378 533 436 d
558 395 612 454 pro
631 396 654 453 p
679 368 866 459 (probrius),
887 396 909 453 p
933 394 987 456 pro
1006 394 1024 437 c
1043 371 1126 458 (Vul-

160 459 286 549 ganus),
304 465 381 527 evol
402 487 412 551 ς
435 482 489 544 pro
509 483 555 540 ue,
579 464 658 544 quod
681 467 826 526 nnumin
848 474 991 545 apparatu
1006 472 1126 526 enotare

163 572 415 634 supervacaneum
434 556 545 634 putavi,
564 557 577 614 i
593 572 648 634 pro
667 573 688 631 p
707 547 845 637 (limpha,
864 553 917 615 sed
931 565 961 615 et
975 546 1127 636 Cytoron),

161 663 180 705 o
208 662 262 723 pro
287 645 325 704 ch
352 635 466 726 (coos),
494 650 508 703 t
533 659 588 722 pro
612 644 644 703 tlt
672 638 817 723 (termae,
851 637 969 726 Totis),
1002 649 1128 721 porros

161 734 276 811 proph
294 726 441 815 (Foebus,
460 725 587 813 elefans,
609 724 706 811 limfa,
729 731 781 792 sed
802 739 833 792 et
851 726 983 812 limpha)
1002 740 1033 792 ct
1051 734 1128 810 aspi-

162 823 237 882 ratio
256 820 344 881 modo
363 820 436 880 falso
455 820 575 899 dempta
593 829 640 881 est
658 819 796 898 (orrida,
816 821 997 898 proibetur,
1021 812 1127 904 ospes)

162 909 249 971 modo
273 910 345 971 falso
369 908 466 969 addita
491 905 585 989 (ude,
613 910 856 972 cohucmeuture
881 906 932 987 19,
957 905 1013 990 183
1041 910 1127 986 Sym·

156 999 312 1075 plwclus;
343 998 445 1060 herus
470 995 547 1078 117,
570 992 642 1080 24),
671 1005 701 1059 et
724 1016 765 1059 uu
790 992 899 1082 (paene
923 998 984 1058 dixi
1007 992 1126 1081 gallice)

162 1105 218 1166 pro
239 1092 272 1148 ul
293 1089 415 1166 ponitur
434 1082 606 1170 (calcuulus
627 1083 700 1167 192,
721 1079 765 1170 1),
789 1088 904 1167 aliaque
923 1089 989 1148 cius
1007 1089 1127 1165 generis

161 1175 254 1236 multa
286 1184 364 1237 suut.
411 1175 487 1245 Quid
521 1175 600 1255 quod
629 1186 659 1236 et
691 1176 871 1255 archetypus
905 1195 994 1255 quem
1021 1194 1057 1237 ex
1086 1171 1127 1236 Α1

161 1267 297 1325 novimus
320 1267 378 1325 iam
402 1265 492 1326 habet
515 1267 686 1328 incubuere
704 1260 750 1344 (8,
769 1262 836 1346 36),
860 1272 890 1325 et
913 1266 978 1325 BV
998 1282 1126 1344 quorum

161 1356 310 1433 scriptura
329 1353 513 1432 Caroliugica
532 1362 627 1414 aetate
647 1354 802 1415 emendata
821 1349 908 1435 est1),
932 1353 1041 1414 talibus
1060 1372 1125 1414 cor·

163 1442 291 1522 ruptelis
330 1452 363 1503 ut
391 1441 506 1531 scoriup
538 1444 568 1501 B
597 1439 686 1523 (134,
712 1440 744 1523 1,
777 1442 830 1504 ubi
861 1445 888 1502 Α
921 1451 1003 1504 recte
1036 1441 1127 1503 hahet

157 1524 295 1615 formae)
319 1531 489 1612 ostendunt,
514 1530 708 1610 archetypum
732 1549 837 1592 eorum
860 1531 964 1592 eadem
987 1531 1044 1592 hac
1067 1532 1126 1591 lor·

161 1638 278 1682 marum
296 1618 434 1681 barbaric
453 1629 482 1680 et
502 1621 696 1698 corruptione
719 1616 834 1681 luisse?
864 1618 946 1691 Quae
970 1638 1051 1681 nuuc
1075 1638 1126 1699 op·

161 1711 235 1770 time
258 1708 426 1770 illustratur
449 1710 569 1787 egregio
595 1708 632 1769 M.
656 1707 783 1769 Bonueti
810 1707 887 1770 libro
912 1703 969 1769 ‘Le
993 1708 1065 1770 latin
1089 1709 1126 1769 de

162 1797 307 1877 Gregoire
331 1798 368 1858 de
391 1793 506 1858 'lours'
530 1790 668 1881 (Parisiis
693 1790 803 1881 1890).
832 1832 874 1840 —

227 1885 306 1948 llaec
325 1893 425 1947 autem
449 1885 677 1964 orthographiae
701 1888 772 1947 vitia
795 1896 898 1948 utrum
922 1886 993 1947 solis
1017 1886 1125 1948 scribis

161 1995 197 2035 an
223 1978 296 2054 ipsis
319 1977 424 2056 poetis,
449 1977 501 2055 qui
524 1975 645 2055 quidem
668 1975 772 2036 ultima
795 1983 892 2036 aetate
911 1977 1043 2058 luerunt,
1067 1978 1124 2037 cri·

160 2066 235 2125 mini
257 2065 353 2126 danda
372 2065 441 2146 sint,
464 2063 694 2144 haudquaquam
717 2064 856 2125 omnihus
875 2064 948 2126 locis
967 2083 1021 2144 pro
1041 2074 1124 2126 certo

157 2153 324 2215 diiudicare
342 2154 421 2214 licet.
449 2152 568 2214 Etenim
583 2155 671 2213 metri
690 2156 805 2214 ratione
824 2153 924 2215 hahita
943 2154 1126 2215 affirmamus

159 2245 259 2320 ipsum
295 2241 459 2303 Lurorium
497 2244 654 2319 scripsisse
691 2238 851 2317 quesumus
887 2240 1009 2322 314,7
1049 2239 1124 2324 (non

157 2326 370 2410 quaesumus),
403 2340 432 2391 et
460 2325 650 2409 Horpdocts)
684 2323 746 2414 (vel
769 2326 876 2411 λαοῖς)
901 2328 975 2411 333,
1000 2328 1019 2392 8
1049 2328 1124 2410 (non

159 2414 364 2502 Hurppiucis)
387 2429 418 2481 ct
440 2419 530 2479 alium
553 2427 672 2497 poetam
691 2414 807 2495 fiditur
831 2416 946 2499 224,4
969 2414 1043 2501 (nou
1060 2419 1124 2494 foe·

159 2506 269 2588 ditus);
298 2527 387 2588 porro
411 2508 487 2587 apud
513 2507 678 2567 Luxuriam
705 2525 811 2568 versus
839 2510 1024 2568 recurrentis
1047 2510 1124 2569 ratio

158 2597 289 2676 postulat
325 2600 406 2659 cedis
439 2593 562 2677 325,3
595 2589 671 2672 (non
708 2590 841 2679 coedis);
879 2597 956 2676 apud
993 2596 1124 2658 Felicem

159 2686 324 2747 stichorum
358 2688 433 2746 ratio
466 2704 490 2746 c.
514 2682 581 2746 214
610 2685 876 2747 Thrusumundus
900 2695 931 2747 et
963 2694 1039 2748 uota
1072 2687 1124 2746 sed

157 2780 256 2836 cuuto
280 2769 354 2858 (uon
375 2768 505 2857 cuncto)
525 2783 559 2835 ut
581 2774 741 2836 Romanica
760 2773 810 2835 illa
830 2782 939 2852 punto,
963 2778 1068 2852 point‚·
1091 2783 1122 2835 et

159 2870 193 2924 ut
220 2863 339 2925 videtur
371 2863 501 2924 innobet
532 2857 607 2946 (non
637 2857 789 2945 innonat),
821 2864 991 2925 litterarum
1023 2874 1123 2925 autem

160 2969 305 3014 uumerus
327 2954 359 3012 in
388 2953 492 3013 codem
516 2954 647 3012 carmine
671 2962 701 3014 ct
728 2958 847 3015 termae
874 2954 994 3031 niuosae
1016 2951 1124 3015 Foede

159 3052 190 3102 et
213 3058 320 3102 rursus
344 3040 471 3118 limpha
495 3035 535 3122 (v.
562 3034 619 3123 10)
643 3040 765 3119 flagitat.
811 3041 976 3103 Memoratu
1000 3041 1122 3122 dignum

159 3137 215 3203 est,
238 3132 269 3191 iu
291 3149 326 3190 eo
351 3132 481 3190 carmine
506 3129 724 3208 diphthongum
743 3149 781 3192 oe
804 3140 903 3191 tamen
928 3149 1074 3210 nusquam
1093 3133 1123 3191 in

158 3238 177 3280 e
200 3218 368 3280 transiisse!
408 3217 441 3278 ln
466 3217 522 3278 alio
546 3228 646 3279 antem
679 3218 846 3280 acrosticho
870 3214 909 3298 (o.
935 3215 1014 3300 120)
1042 3226 1124 3279 certa

249 3374 276 3440 1)
296 3371 330 3428 oi.
349 3373 468 3443 sphippe
487 3388 509 3427 c.
531 3375 582 3425 180
601 3371 638 3440 B,
665 3372 755 3442 upupa
773 3372 808 3426 A.
835 3402 867 3412 -
891 3372 937 3425 Ita
954 3370 985 3424 in
1002 3369 1124 3440 primam

159 3442 380 3498 declinationem
408 3442 562 3497 deflectunt
586 3442 715 3498 Colchida
734 3448 777 3510 17,
796 3447 839 3510 25,
867 3443 1000 3498 Briseide
1019 3448 1079 3511 135,
1099 3449 1123 3511 2,

157 3514 304 3639 aofflm
331 3519 398 3583 199,
419 3517 468 3582 68,
497 3514 704 3569 Lacedaemona
731 3519 797 3581 351,
822 3519 851 3580 3,
885 3514 980 3570 Laide
1004 3520 1070 3585 374,
1096 3521 1123 3583 13
