2646 3920
222 174 314 230 XVIII
597 175 803 233 PRAEFATIO

223 336 288 403 259
300 359 364 421 sqq.
389 350 524 403 correcta
549 341 651 422 edidi]
687 342 823 422 [Praeter
843 362 963 405 manum
983 343 1099 406 scribae
1119 364 1187 407 raro

223 431 375 492 invenitur
397 430 453 492 alia
477 450 565 511 quam
585 432 704 493 saeculo
723 431 764 492 IX
782 431 935 493 Ronnetus
955 432 1070 514 tribuit,
1098 438 1187 496 raris-

224 521 357 599 simeque
381 524 470 581 tertia
494 520 605 581 saeculi
630 521 755 581 fortasse
780 519 841 581 XII.
879 521 956 582 Tum
980 521 1098 584 saeculo
1121 523 1187 585 XVI

104 678 107 681 ¹
223 627 317 688 pauca
341 608 499 689 adscripta,
524 610 642 671 saeculo
661 609 738 670 XVII
763 629 830 671 cum
850 609 900 670 alli
919 616 1028 690 passim
1049 622 1186 693 lumper

223 700 322 760 omnia
345 699 408 760 lere
427 701 557 761 carmina
578 701 681 778 paucis
700 701 832 778 exceptis
853 698 1015 761 Salmasius
1038 713 1072 763 ut
1096 720 1185 782 supra

223 788 284 849 dixi
317 787 407 849 verba
436 799 593 868 poetarum
625 786 806 849 emendavit:
844 790 931 850 cuius
964 790 1186 852 emendationes

181 899 202 940 α
220 878 274 939 ubi
292 878 389 955 attuli,
412 877 516 955 siglam
536 878 663 956 apposni
682 874 724 953 o]

288 966 326 1026 Et
344 966 418 1027 baec
436 965 556 1045 quidem
576 966 734 1046 hactenus,
757 968 815 1027 iam
840 985 893 1045 age
917 967 1050 1030 codicem
1075 970 1185 1030 descri-

221 1056 335 1116 bamus.
365 1054 473 1134 Incipit
491 1054 579 1115 bodie
599 1073 615 1114 a
635 1057 831 1135 quaternione
850 1057 1036 1140 duodecimo,
1055 1058 1085 1119 id
1104 1059 1184 1138 quod

221 1145 290 1206 inde
313 1151 404 1225 patet,
427 1143 507 1222 quod
531 1146 561 1204 in
585 1145 645 1204 imo
669 1147 801 1222 margine
825 1164 853 1223 p.
876 1143 915 1207 16
939 1165 955 1207 a
978 1150 1074 1226 prima
1094 1158 1209 1209 manu*

102 1233 109 1247 '
221 1235 389 1313 adpositum
418 1233 490 1293 XII
512 1232 634 1312 legitur,
667 1250 731 1313 pag.
751 1231 794 1295 32
823 1235 922 1309 XIII,
951 1254 979 1314 p.
999 1234 1042 1297 48
1070 1238 1183 1310 XIIII,

220 1342 248 1402 p.
264 1319 308 1384 64
327 1323 397 1403 XV,
420 1341 448 1402 p.
463 1319 506 1385 80
526 1322 614 1397 XVI,
638 1339 666 1400 p.
681 1318 725 1382 94
744 1322 849 1397 XVII,
873 1341 902 1401 p.
919 1319 982 1385 108
1006 1325 1096 1384 XIII
1112 1322 1184 1401 [sic]

221 1406 343 1494 (borum
367 1413 494 1474 duorum
518 1413 749 1490 quaternionum
773 1410 890 1489 singula
913 1410 982 1470 Iolia
1005 1420 1074 1489 post
1092 1429 1120 1490 p.
1139 1408 1183 1473 99

221 1513 251 1563 et
275 1499 340 1563 100
369 1504 467 1562 excisa
495 1509 566 1561 sunt
597 1509 756 1578 autequam
789 1500 881 1560 codex
915 1499 1117 1581 scribebatur,
1149 1509 1184 1561 ut

221 1591 300 1652 nulla
324 1593 431 1651 existat
453 1584 587 1668 lacuna),
610 1607 638 1668 p.
654 1585 719 1650 124
738 1590 845 1650 XIIII
866 1583 952 1669 [sic],
979 1607 1008 1668 p.
1024 1586 1089 1650 140
1112 1590 1184 1667 XX,

220 1701 247 1760 p.
270 1675 332 1741 156
356 1680 451 1759 XXI,
483 1697 511 1757 p.
532 1675 596 1740 172
620 1679 733 1759 XXII,
765 1696 794 1757 p.
820 1675 882 1740 188
907 1678 1038 1753 XXIII,
1070 1696 1099 1757 p.
1117 1675 1184 1741 204

219 1770 369 1845 XXIIII,
397 1768 503 1828 deinde
532 1787 559 1847 p.
576 1765 641 1829 234
664 1768 781 1827 XXVI
805 1761 887 1849 (nam
915 1779 983 1847 post
1012 1786 1040 1846 p.
1055 1764 1121 1829 204
1144 1768 1184 1829 la·

219 1877 305 1936 cuna,
328 1860 408 1918 inter
427 1855 492 1920 206
512 1868 542 1917 et
556 1854 620 1917 207
641 1856 743 1918 lolium
759 1859 901 1934 excisum,
920 1874 1064 1917 numerus
1083 1865 1182 1919 autern

219 1948 318 2008 XXV
336 1947 465 2008 omissus
489 1943 561 2023 est),
586 1966 612 2025 p.
632 1941 698 2007 250
721 1945 865 2018 XXVII,
888 1963 916 2024 p.
936 1942 1002 2007 266
1026 1947 1184 2020 XXVIII,

219 2056 247 2117 p.
263 2034 328 2099 270
348 2036 456 2112 XXX,
484 2053 512 2113 p.
532 2033 598 2097 274
617 2036 744 2114 XXXI,
772 2052 800 2113 p.
819 2031 885 2096 290
905 2034 1079 2096 XXVIIII
1116 2054 1184 2096 nam

220 2128 308 2187 etiam
332 2133 401 2204 post
424 2144 451 2204 p.
466 2121 531 2186 268
556 2134 587 2185 et
609 2120 674 2185 272
699 2124 813 2202 singula
844 2123 913 2184 lolia
937 2125 1035 2185 excisa
1060 2135 1130 2185 sunt
1154 2134 1184 2185 ct

219 2234 248 2294 p.
263 2209 439 2276 275-290
462 2215 541 2273 inter
564 2232 592 2293 p.
607 2210 672 2274 266
697 2224 727 2273 et
749 2210 813 2273 267
845 2212 1033 2274 collocandae
1056 2214 1183 2274 inerant.

219 2303 335 2363 Folium
364 2321 391 2382 p.
407 2298 472 2365 205
482 2321 525 2381 sq.
553 2312 621 2381 post
649 2321 676 2381 p.
692 2300 811 2380 2lIsq.
839 2320 927 2363 suum
957 2301 1047 2363 babet
1075 2302 1184 2364 locum.

219 2391 361 2453 Ultimum
380 2394 473 2471 igitur
491 2391 603 2453 codicis
627 2391 730 2452 lolium
754 2391 828 2452 illud
852 2400 907 2471 est,
932 2391 1011 2470 quod
1035 2409 1115 2452 nnnc
1139 2386 1181 2469 (id

220 2480 298 2560 quod
323 2480 494 2542 aSalmasii
516 2482 612 2561 ipsius
636 2490 670 2542 ut
689 2480 806 2541 ridetur
824 2499 915 2541 manu
938 2482 969 2540 in
993 2488 1056 2541 toto
1080 2479 1183 2540 codice
1316 2536 1317 2539 ,

219 2571 329 2631 lactum
358 2564 418 2650 est)
451 2572 625 2650 paginarum
659 2572 792 2631 numeris
825 2564 976 2650 273s274
1007 2571 1183 2648 insignitum

219 2669 274 2740 est,
297 2670 331 2720 ut
354 2660 448 2720 codex
468 2678 483 2719 a
502 2659 561 2719 fine
580 2660 694 2738 pariter
714 2669 803 2737 atque
822 2658 859 2717 ab
882 2659 968 2718 initio
992 2657 1116 2719 mutilus
1136 2661 1183 2718 sit.

286 2747 386 2809 Codex
408 2750 500 2827 igitur
523 2747 610 2808 hodIe
634 2746 670 2807 ab
693 2746 869 2825 dntbologia
893 2748 1006 2828 incipit,
1030 2749 1080 2808 cui
1103 2755 1183 2826 post-

220 2855 309 2916 quam
332 2857 361 2916 p.
378 2833 440 2898 188
464 2836 511 2896 bis
534 2836 634 2897 verbis

380 2926 602 3002 Eplqrdmotoo
618 2956 624 2970 ·
639 2920 725 3002 ec'ffpli
736 2955 743 2970 ·
755 2924 892 3000 feliciter
914 2924 965 3006 „D
989 2935 1030 2989 ὅ

219 3015 287 3075 finis
315 3024 362 3076 est
388 3016 560 3094 impositus,
593 3017 692 3075 statim
726 3015 862 3092 sequitur
896 3010 1078 3094 (uncialibus
1109 3013 1183 3074 baec
1313 3048 1314 3077 l

220 3123 339 3183 quoqne
363 3106 461 3164 omnia
485 3103 593 3165 litteris
616 3105 726 3182 scripta
752 3095 836 3186 sunt)

381 3211 477 3288 Iocip.
501 3215 647 3272 calculos
667 3212 794 3271 Dioolsl.
818 3213 952 3286 epiceopi
967 3211 1182 3271 Alexandriae]

381 3303 669 3362 decemnoucmnolc's
693 3318 732 3361 c·
749 3301 786 3358 I·

223 3391 274 3451 cui
297 3391 328 3450 in
351 3391 409 3450 ima
433 3391 607 3468 paginarum
633 3384 808 3450 192-193
832 3395 918 3466 parte
942 3387 1093 3449 adduntur

377 3498 395 3541 c
419 3480 455 3538 II
475 3478 585 3652 Vprsau
609 3481 712 3539 domni
725 3479 813 3538 Petri
825 3477 1049 3554 Refereodomi
1062 3472 1103 3557 (c.
1118 3472 1185 3538 380

425 3564 489 3629 382
511 3589 519 3649 3
