2642 3922
184 204 227 268 52
477 257 482 270 ,
585 203 752 259 CARMINA

184 369 291 448 Erigat
314 377 344 429 et
366 371 461 448 possit
483 388 590 448 parvos
613 370 742 432 educere
765 366 870 431 natos?

185 458 264 518 llaec
288 456 340 519 ubi
363 458 440 519 dicta
463 458 553 539 dedit,
577 458 651 520 solio
675 478 707 520 se
731 459 808 520 tollit
830 459 866 519 ab
890 458 949 520 alto

184 547 245 607 lam
270 548 370 608 senior
392 547 559 627 mediisque
582 557 688 628 parant
710 550 843 610 convivia
865 551 963 610 tectis.

229 635 346 696 Interea
368 655 508 714 magnum
532 636 577 697 sol
600 638 844 698 circumvolvitur
868 656 987 719 annum,
1170 650 1206 700 46

184 725 404 804 Parcarumque
428 724 492 786 dies
516 734 546 787 et
569 728 613 787 vis
636 728 757 787 inimica
780 728 962 807 propinquat

184 813 345 893 Egregium
368 816 462 874 lorma
485 817 623 876 iuvenem
646 819 705 876 iam
728 826 824 876 morte
847 815 904 875 sub
928 834 1029 894 aegra:

184 901 304 981 lamque
328 902 392 963 dies
415 904 534 963 infanda
558 904 659 965 aderat
683 914 713 966 et
737 915 870 982 tempora
892 903 1003 965 Parcae
1124 934 1157 987 p,
1168 923 1207 975 18

185 991 288 1052 Debita
312 990 487 1069 conplerant
510 991 624 1053 crudeli
646 1001 743 1054 morte
767 992 885 1054 sodalis.

183 1078 222 1139 Vt
245 1082 374 1158 primum
397 1080 453 1140 lari
476 1083 574 1159 potuit
597 1083 724 1143 crinitus
748 1081 860 1162 Apollo,
1171 1098 1207 1147 50
1308 1128 1309 1165 3

184 1169 276 1229 Multa
299 1186 420 1247 gemens
443 1189 574 1249 casuque
598 1173 729 1231 animum
752 1189 918 1231 concussus
941 1172 1037 1252 amici,

185 1256 282 1335 lpsius
305 1266 373 1319 aute
397 1258 500 1320 oculos
524 1261 567 1319 sic
591 1261 659 1319 latis
682 1277 734 1320 ora
758 1260 895 1321 resolvit:

186 1342 284 1408 ‘llisce
307 1354 401 1429 tuum,
426 1368 462 1409 ne
486 1367 533 1408 me
556 1350 686 1428 incuses,
709 1348 896 1409 volventibus
920 1342 1006 1409 annis

185 1436 348 1498 Advenisse
371 1438 463 1517 dlem3
487 1456 555 1498 uam
578 1437 629 1498 lux
652 1437 772 1498 inimica
796 1432 995 1517 propinquat?

186 1523 266 1586 Haec
290 1526 342 1588 ubi
365 1527 492 1607 deflevit,
516 1525 590 1588 caeli
613 1528 663 1587 cui
686 1526 784 1586 sidera
808 1537 923 1607 parent,
1172 1540 1207 1590 66

186 1615 270 1676 'lunc
294 1618 337 1677 sic
360 1635 454 1695 pauca
477 1618 571 1676 refert
595 1616 663 1676 latis
686 1615 832 1677 adductus
855 1617 980 1694 iniquis:

186 1699 327 1784 ‘Phoebe
350 1713 395 1765 tot
418 1708 568 1765 incassum
592 1705 675 1765 lusos
698 1707 811 1783 patiere
835 1701 974 1764 labores?

185 1791 234 1852 Nil
257 1795 353 1854 nostri
376 1789 542 1853 miserere?
565 1796 641 1854 mori
664 1812 711 1853 me
736 1793 864 1872 denique
888 1790 992 1871 cogis?

186 1881 276 1960 Eripe
300 1901 347 1942 me
371 1882 427 1963 his,
451 1883 569 1961 invicte,
592 1881 690 1963 malis3
714 1884 857 1942 miserere
880 1891 1011 1961 tuorum,

187 1971 218 2031 Si
243 1990 300 2048 qua
324 1973 383 2032 lata
407 1972 514 2050 sinant,
539 1980 569 2032 et
592 1974 651 2031 eris
675 1971 749 2032 mihi
773 1988 896 2048 magnus
919 1966 1044 2049 Apollo?
1172 1985 1206 2036 66

187 2059 308 2121 Talibus
332 2062 429 2120 oranti
452 2063 495 2120 sic
519 2078 571 2121 ore
595 2061 701 2120 eliatus
724 2062 818 2120 amico
842 2068 901 2121 est:

187 2145 307 2209 ‘Desine
331 2149 389 2210 lata
413 2150 502 2209 deum
525 2149 606 2210 flecti
629 2167 749 2227 sperare
774 2149 932 2228 precando.

188 2238 246 2299 Sed
270 2257 343 2317 cape
366 2239 445 2299 dicta
469 2257 591 2318 memor,
615 2239 682 2298 duri
707 2237 814 2297 solacia
838 2255 933 2298 casus.

187 2326 344 2389 Obiectare
369 2329 495 2387 animam
520 2344 700 2406 quemquam
723 2337 774 2387 aut
797 2344 949 2404 opponere
972 2328 1063 2387 morti

187 2415 244 2477 Fas
268 2427 298 2477 et
320 2419 385 2477 iura
409 2419 527 2497 sinunt3
550 2415 711 2494 prohibent
734 2433 802 2475 nam
826 2426 924 2476 cetera
947 2415 1067 2476 Parcae.
1173 2429 1209 2480 66

187 2505 296 2566 Audiat
318 2506 392 2566 baec
415 2507 545 2584 genitor:
569 2514 651 2583 patet
673 2506 731 2564 atri
754 2507 842 2564 ianua
864 2504 953 2583 Ditis3

188 2593 340 2655 Hactenus
362 2594 523 2655 indulsisse
547 2588 650 2655 vacat?
693 2594 737 2654 sic
760 2593 838 2653 latus
861 2591 964 2671 Apollo

188 2682 321 2744 Mortalis
344 2685 426 2743 visus
450 2682 547 2742 medio
572 2700 709 2742 sermone
732 2681 862 2760 reliquit.

188 2772 274 2832 Tunc
297 2790 367 2831 vero
391 2772 515 2848 ancipiti
537 2780 667 2831 mentem
691 2770 850 2830 formidine
873 2788 996 2851 pressus

189 2860 350 2938 Obstipuit,
374 2861 424 2919 cui
447 2859 505 2918 lata
529 2871 643 2941 parent,
667 2878 755 2938 quem
779 2868 882 2937 poscat
905 2858 1021 2941 Apol103
1174 2873 1210 2922 ‘10

189 2947 236 3008 Ire
261 2949 296 3008 ad
321 2956 513 3026 conspectum
538 2950 600 3009 cari
623 2952 768 3027 genitoris
791 2958 820 3008 et
844 2967 894 3008 ora

260 3124 294 3172 42
312 3118 416 3187 parbos
432 3119 572 3173 adducere
585 3120 614 3174 A
668 3084 829 3174 AltadarabA
884 3124 918 3171 49
938 3117 1036 3173 deuito
1049 3119 1077 3174 A
1110 3136 1156 3172 au-

189 3189 263 3243 dalis
281 3191 310 3246 A
374 3190 538 3245 51Multas
561 3194 588 3245 A
633 3207 758 3259 casumq3
782 3191 811 3243 A
875 3195 909 3243 53
931 3189 1069 3259 uolenlib3
1090 3190 1120 3245 A

189 3268 224 3316 55
243 3260 367 3332 defleuit,
385 3280 405 3315 u
418 3280 452 3317 eoa
466 3264 480 3315 t
493 3279 580 3330 erasa,
595 3262 623 3316 A
651 3261 754 3330 sydera
767 3263 796 3315 A
848 3266 882 3315 66
897 3259 922 3315 ei
935 3262 964 3317 A
1018 3266 1052 3315 67
1066 3261 1157 3333 prab

189 3335 234 3387 bob
247 3336 275 3388 A
325 3338 358 3386 62
377 3332 468 3387 flectis
482 3334 510 3386 A
561 3338 596 3387 64
612 3331 762 3386 Oblecbare
776 3333 804 3386 A
836 3337 978 3401 quequem
991 3333 1020 3388 A
1070 3337 1104 3387 65
1118 3331 1156 3386 si·

189 3407 261 3510 nunt
284 3442 418 3526 proibenb
439 3457 468 3511 A
513 3459 609 3528 cetera
631 3458 660 3510 A
729 3461 762 3509 66
785 3454 862 3526 petit
883 3458 912 3510 A
956 3456 1069 3510 iianna
1091 3458 1120 3510 A

191 3530 225 3579 68
244 3525 320 3580 uisos
335 3528 363 3581 A
399 3526 516 3595 reliquit
529 3532 565 3596 A,
583 3546 604 3580 n
616 3526 723 3595 superi
742 3529 801 3582 alla
814 3545 899 3583 mon
914 3530 1038 3599 antiqua.
1064 3528 1157 3584 Panlo

190 3599 272 3653 aliter
289 3601 358 3653 Aeo.
373 3599 423 3652 IX
436 3604 486 3652 657
544 3603 577 3652 to
597 3603 652 3666 quo
670 3602 770 3667 poscat
789 3601 817 3652 A
