2646 3920
213 201 256 266 22
406 258 409 263 ,
619 199 772 254 CARMEN

212 368 340 428 Ornarei
362 367 445 428 lauro
469 374 579 446 postes,
603 368 735 427 convivia
760 366 852 446 daret,

213 456 346 517 Pollutos
368 474 461 535 panes
484 456 610 517 iniectos
634 465 701 517 ture
726 446 846 534 vapore,

105 543 214 610 fid-157
226 546 360 625 Panerot,
383 548 414 605 in
438 547 532 606 risum
556 563 702 624 quaerens
726 563 801 624 quos
825 544 948 605 dederet
971 544 1069 623 morti,

215 633 379 695 Coliaribus
403 633 502 695 subito
526 634 711 695 circumdare
735 632 867 694 membra
891 635 996 713 suevit,

214 723 330 784 Fraude
353 742 428 784 nova
452 742 570 802 semper
593 724 719 783 miseros
742 722 898 801 profanare
922 716 1065 800 paratus?
1199 732 1235 782 45

261 813 400 873 Sacraius
424 821 523 872 vester
546 811 614 873 urm
638 811 709 890 quid
732 812 891 892 praestitit,
915 807 990 871 oro?

215 901 272 971 Qui
295 902 423 962 hierium
447 901 548 961 docuit
571 899 627 960 sub
651 909 731 961 terra
755 918 898 979 quaerere
923 899 1024 979 solem,

215 991 288 1050 Cum
312 990 370 1049 sibi
394 990 470 1049 sorte
494 991 592 1069 pirum
616 989 713 1049 fossor
736 989 772 1049 de
796 1007 868 1050 rure
891 987 1021 1048 dolasset

213 1079 332 1139 Diceret
320 1088 391 1157 ique
416 1096 482 1138 esse
506 1078 595 1138 deum
618 1079 756 1139 comitem
780 1077 948 1157 Bacchique
971 1078 1157 1156 magistrum,

215 1168 366 1245 Sarapidis
389 1167 495 1246 cultor
518 1165 654 1227 Etruscis
678 1185 796 1245 semper
819 1168 945 1227 amicus:
1199 1178 1237 1227 56

214 1256 351 1317 Fundere
376 1258 428 1335 qui
450 1257 578 1316 incautis
601 1255 716 1316 studuit
739 1264 882 1335 concepta
908 1273 1029 1336 venena,

214 1343 293 1405 dliile
317 1345 444 1406 nocendi
467 1347 537 1425 vias,
560 1344 684 1405 tolidem
708 1362 777 1404 cum
800 1351 958 1423 quaereret
982 1352 1073 1403 artes:

214 1433 343 1494 Perdere
368 1452 442 1513 quos
466 1433 567 1513 voluit,
590 1435 748 1513 percussit,
772 1433 887 1494 luridus
911 1434 1025 1512 anguis,

214 1523 323 1584 Contra
347 1524 435 1584 deum
460 1542 563 1584 verum
587 1523 697 1582 frustra
721 1520 831 1583 bellare
855 1530 986 1602 paratus,
1308 1590 1309 1593 Ἴ

215 1612 272 1682 Qui
296 1615 405 1674 tacitus
429 1631 548 1691 semper
570 1611 686 1688 lugeret
709 1618 842 1690 tempora
866 1612 949 1689 pacis
1199 1622 1236 1671 55
1308 1606 1309 1631 ¹

214 1700 274 1761 Nec
298 1704 452 1780 proprium
476 1703 603 1761 interius
626 1707 728 1779 posset
752 1698 872 1779 vulgare
897 1698 1038 1760 dolorem

115 1786 201 1879 56527-
260 1789 333 1860 Quis
357 1789 421 1870 cibi,
444 1787 625 1869 taurobolus
650 1798 760 1849 vestem
783 1798 899 1849 muiare
924 1790 1025 1867 suasit,

107 1877 337 1939 Β.Ι5515515555
361 1877 451 1957 dives,
475 1877 573 1938 subito
597 1877 753 1937 mendicus
776 1886 810 1938 ut
834 1896 923 1959 esses,

105 1947 138 1986 Μ
150 1946 196 1987 ⁶⁰⁵
216 1966 301 2027 obsit
289 1975 338 2027 tus
362 1976 392 2028 et
414 1968 529 2047 pannis,
552 1966 666 2026 modica
691 1968 767 2045 stipe
792 1966 887 2026 factus
911 1975 1023 2045 epacta,

217 2055 278 2116 Sub
302 2064 413 2116 terram
436 2057 555 2134 missus,
577 2055 709 2134 polluius
733 2056 876 2134 sanguine
899 2056 985 2134 tauri,
1200 2067 1236 2116 60

215 2144 368 2225 Sordidus,
391 2141 542 2209 iniectus?
566 2154 662 2204 vestes
685 2161 803 2204 servare
827 2154 975 2221 cruentas,

214 2232 319 2294 Vivere
343 2252 412 2294 cum
435 2248 537 2312 speras
562 2235 665 2310 viginti
689 2232 818 2293 mundus
842 2235 873 2292 in
897 2228 1011 2292 anuos?

214 2322 368 2383 Ambieras
391 2340 499 2384 censor
521 2322 678 2383 meliorum
702 2320 825 2381 caedere
851 2323 947 2401 viram,

216 2411 291 2472 Hinc
315 2422 365 2473 lua
389 2412 520 2474 confisus
544 2421 666 2490 possent
690 2410 769 2489 quod
793 2411 869 2470 sacta
893 2410 994 2490 latere,

215 2500 288 2561 Cum
313 2501 436 2562 canibus
459 2499 587 2580 Megales
611 2518 730 2578 semper
754 2498 956 2559 circumdatus
980 2516 1062 2558 esses
1199 2511 1234 2559 65

215 2588 309 2660 Quem
334 2591 440 2652 lasciva
464 2589 572 2650 cohors
595 2580 792 2672 (transtrum)
816 2590 971 2648 comitarer
994 2593 1140 2647 ovantem.

286 2748 319 2795 42
347 2741 487 2796 infectous
510 2738 538 2796 P
602 2740 743 2795 insectans
765 2740 883 2807 Daidala,
910 2742 1017 2795 correxi
1085 2738 1180 2794 infuso

215 2813 356 2867 Baehrens
399 2818 434 2866 43
449 2812 608 2880 quodedere
618 2814 651 2879 P,
666 2830 734 2868 corr.
745 2812 847 2881 Haupt
855 2819 881 2866 55
890 2812 993 2865 Delisle
1038 2809 1181 2865 4405115-

215 2882 293 2936 ribus
313 2882 415 2951 Haupt
451 2882 611 2937 Gallaribua
626 2884 654 2938 P
687 2883 814 2937 membra
833 2881 1006 2936 circumdare
1020 2882 1055 2950 P,
1073 2888 1180 2951 transp.

216 2954 329 3022 Maehip
365 2953 475 3007 subitus
494 2954 528 3022 P,
546 2957 653 3009 correxi
689 2956 784 3009 suetus
804 2954 905 3022 Haupt
967 2958 1010 3008 47.
1031 2951 1104 3021 Quid
1119 2954 1147 3007 P

216 3029 251 3076 48
269 3025 407 3092 pyrumP
445 3030 479 3077 49
494 3041 549 3093 que
562 3027 613 3081 del.
624 3026 702 3080 Ellis
729 3023 923 3092 bhacciqueP
961 3030 994 3077 51
1010 3026 1141 3078 concerta
1155 3026 1184 3079 P

217 3094 496 3151 confeciaBaehreus
532 3101 565 3149 52
576 3097 796 3165 conquerereiP
812 3112 875 3148 cum
884 3097 1033 3163 quaereret
1043 3096 1164 3151 Thomas

217 3172 251 3219 56
270 3165 329 3220 Nec
346 3168 379 3222 de
397 3168 481 3227 Rosci
515 3167 559 3221 Ne
578 3169 606 3222 P
638 3166 758 3221 ulterius
781 3168 845 3222 oiim
863 3167 963 3235 scripsi
1035 3170 1069 3219 59
1089 3168 1182 3235 stepe-

216 3238 395 3306 faciusepeda
413 3239 450 3306 P,
479 3256 547 3294 corr.
571 3239 707 3293 Marcidus
772 3242 806 3290 60
824 3241 900 3290 terra
919 3238 947 3291 P
1010 3242 1042 3291 61
1068 3253 1182 3292 seruare

216 3326 252 3364 sc.
270 3312 359 3365 555555
427 3316 459 3363 62
480 3309 560 3376 annis
580 3310 608 3363 P
674 3314 707 3362 65
727 3307 837 3361 abieras
857 3309 885 3362 P
919 3306 1059 3361 ambieras
1082 3310 1181 3378 (teuto-

217 3382 275 3448 555)
294 3381 442 3435 Buecheler
478 3380 576 3434 cedere
591 3380 619 3434 P
653 3380 769 3434 caedere
783 3380 861 3433 Ellis
925 3383 959 3432 65
978 3378 1101 3447 Magalis
1120 3380 1148 3434 P

219 3456 253 3503 66
282 3448 369 3514 Quem
396 3450 490 3506 laciaa
517 3468 612 3505 corum
639 3453 796 3505 monstrum
823 3448 958 3503 comiiare
986 3452 1089 3503 555555
1090 3466 1135 3504 em
1156 3451 1185 3505 P

218 3519 328 3574 lasciua
346 3522 444 3576 cohors
459 3524 561 3591 Haupt
551 3521 634 3576 55Ε
650 3520 758 3575 lasciva
777 3520 875 3583 cohors
893 3520 1033 3604 plostrum
1048 3522 1182 3592 (Mopuae

220 3592 308 3647 Matre
273 3594 332 3661 tris,
351 3594 385 3660 cf.
400 3611 424 3648 a.
441 3595 502 3662 104)
522 3591 670 3646 comitaret
689 3593 822 3646 cranium
841 3594 999 3647 coniecerim
