2654 3926
213 199 279 262 274
613 199 780 254 cauum

212 366 286 426 Nam
308 384 404 444 poena
427 374 473 427 est
494 369 596 445 potius
619 367 732 427 morbis
755 366 924 445 producere
946 368 1049 445 ritam3

256 454 341 525 Quod
365 474 425 515 non
448 474 567 535 semper
590 456 692 536 habes,
715 458 842 536 tristius,
865 474 931 516 esse
955 455 1016 535 diu,
1038 462 1093 514 est„
1200 466 1236 515 10

660 614 727 678 345

343 710 548 780 Epitaphion
570 712 614 767 do
636 712 707 767 filia
730 711 851 780 oageis
872 709 1042 766 mfnntnln

255 809 320 870 Heu
345 810 442 871 dolor!
466 819 513 871 est
534 815 651 891 magnis
674 831 793 890 semper
816 831 896 872 mors
914 810 1015 871 invida
1033 810 1109 884 latis,
1135 825 1237 890 p.176

212 898 295 969 Quae
317 908 438 960 teneros
462 910 546 960 artus
569 903 691 962 inimico
715 901 813 961 sidere
836 900 958 979 mergit!

212 989 330 1048 llamira
354 988 412 1049 hoc
434 989 550 1049 tumulo
574 991 682 1069 regalis
705 989 855 1050 clauditur
877 991 984 1068 iulans,

213 1078 269 1138 Cui
292 1080 351 1137 vita
373 1081 502 1138 innocua
525 1086 573 1138 est
595 1089 701 1158 quarto
725 1081 845 1158 dirupta
868 1079 924 1139 sub
948 1096 1034 1138 anno.

214 1165 309 1236 Quam
332 1165 418 1226 lacile
441 1168 587 1228 offuscant
610 1168 776 1229 iucundum
799 1171 897 1229 tristia
921 1164 1034 1227 lumen!
1217 1179 1233 1225 5

212 1255 306 1315 Nemo
330 1274 429 1316 rosam
452 1255 610 1338 albentem,
633 1259 723 1317 luerit
746 1260 806 1317 nisi
828 1276 904 1336 quae
927 1256 1014 1334 bona,
1036 1256 1144 1334 carpit„

257 1344 337 1403 llaec
360 1363 481 1423 parvam
505 1355 631 1406 aetatem
655 1356 763 1406 cuncta
786 1366 855 1407 cum
878 1345 965 1406 laude
988 1343 1112 1405 lerebat.

214 1432 304 1493 Grata
326 1436 416 1493 nimis
439 1437 549 1515 specie,
573 1434 741 1495 verecundo
765 1435 885 1514 garrula
907 1435 991 1495 vultu

211 1521 341 1582 Naturae
365 1526 485 1601 ingenio
508 1523 643 1585 modicos
666 1535 859 1602 superaverat
881 1542 983 1584 annos.

210 1610 304 1671 llulce
326 1611 514 1691 loquebatur,
537 1613 681 1692 quidquid
706 1623 950 1692 praesumpserat
971 1630 1032 1691 ore,
1201 1624 1235 1671 10

212 1700 386 1778 Linguaque
410 1700 562 1761 diversum
585 1702 728 1762 lundebat
751 1702 857 1763 mellea
880 1719 1025 1780 murmur,

212 1788 376 1867 'lamquam
400 1791 498 1848 avium
521 1809 612 1849 verna
635 1801 758 1851 resonat
778 1811 834 1871 per
858 1801 990 1870 tempora
1013 1797 1128 1850 cantus.

257 1876 355 1937 Huius
378 1896 483 1955 puram
506 1882 634 1938 animam
659 1878 805 1939 stellantis
828 1884 909 1958 regia
933 1879 1008 1939 caeli

212 1965 350 2027 Possidet
372 1974 404 2026 et
426 1969 513 2025 iustis
536 1970 616 2027 inter
638 1968 720 2029 ridet
742 1988 809 2029 esse
832 1972 969 2029 catervis.

212 2059 251 2115 At
272 2065 359 2133 pater
381 2054 497 2133 Oageis,
519 2055 642 2136 Libyam
666 2057 737 2117 dum
760 2061 891 2137 protegit
913 2059 1013 2136 armis,
1201 2067 1237 2114 15

212 2144 335 2204 Andirit
357 2144 458 2204 subito
481 2145 652 2206 defunctam
677 2149 782 2207 lunere
806 2158 915 2207 natam.

211 2232 342 2294 Nuntius
364 2234 414 2293 hic
437 2237 556 2311 gravior
578 2240 696 2295 cunctis
720 2237 776 2296 luit
798 2236 936 2296 hostibus
959 2233 1011 2315 illi,

212 2322 339 2402 lpsaque
363 2322 419 2383 sub
443 2323 494 2383 tali
515 2324 597 2384 llerit
619 2324 750 2385 Victoria
773 2344 854 2385 casu.

662 2464 727 2527 346

160 2601 277 2643 mu
331 2561 382 2615 Do
403 2561 656 2630 amphitheatro
677 2562 716 2617 in
736 2562 819 2617 villo
839 2561 952 2617 vicino
972 2559 1059 2616 mori

160 2656 191 2694 n
205 2656 252 2695 nc
611 2651 777 2707 fabricato

213 2731 482 2810 Amphitheatrales
504 2736 652 2794 mirantur
674 2753 744 2794 rura
767 2735 937 2813 triumphos

257 2820 296 2881 Et
317 2839 424 2881 nemus
446 2824 563 2900 ignotas
586 2827 685 2884 cernit
706 2824 811 2884 adesse
833 2824 922 2883 ieras.

285 2960 320 3008 10
337 2955 434 3008 tritius
452 2958 480 3012 A

284 3026 354 3081 345.
380 3027 525 3096 Epitalion
541 3032 570 3085 A
641 3034 721 3084 lest
738 3034 839 3100 scripsi
865 3033 895 3084 eb
912 3031 941 3084 A
989 3027 1082 3082 inuita
1099 3027 1128 3080 A

214 3099 374 3151 barbosA
445 3100 948 3169 3hieA‚sedcf.354,10hocoe
1019 3098 1181 3152 blsishma

213 3171 243 3222 A
305 3173 322 3221 8
345 3169 455 3223 carrula
475 3173 504 3224 A
572 3179 606 3225 12
633 3173 827 3227 nemaresolet
852 3176 895 3239 A,
921 3174 1030 3227 correxi
1054 3171 1180 3239 (resonet

213 3240 367 3309 Kluppius)
385 3242 763 3300 remairesoletBnebrens
806 3251 839 3298 15
857 3244 996 3297 libiamA
1039 3247 1074 3296 18
1089 3242 1178 3295 Victo

212 3313 285 3364 rium
302 3314 348 3435 uZel
360 3315 458 3435 'potius
471 3317 599 3384 cocetum
614 3318 644 3369 in
660 3324 832 3371 urortumento
845 3317 994 3385 sepulcrali
1010 3314 1179 3381 inscrtlptom

209 3390 294 3449 putul
337 3385 413 3436 t'een

284 3453 354 3507 346.
373 3456 523 3509 mfileatm
536 3459 566 3511 A
584 3458 626 3511 De
644 3458 854 3526 amphitheatro
871 3458 967 3511 uicino
984 3454 1058 3509 mari
1071 3455 1100 3521 S,
1117 3454 1178 3508 rell.

214 3524 328 3576 omissis.
356 3523 487 3580 Petronio
500 3528 822 3584 donresto-atomo.
831 3538 894 3598 post
903 3530 1035 3584 Blucium
1075 3524 1179 3579 lAnfi·

213 3592 350 3646 uenales
368 3598 397 3647 A
432 3595 562 3651 triumfus
580 3601 609 3652 A
663 3602 735 3653 etit
749 3601 848 3654 Thetis
861 3602 1003 3656 Baehrens
1031 3598 1131 3667 igneffl
1148 3595 1179 3650 Α
