2654 3926
458 198 597 254 cornicis
618 199 771 255 SALMASI
798 200 846 255 NI.
1071 202 1136 267 259

621 382 686 446 309

188 478 457 534 Anacreontium
478 479 514 534 in
538 479 711 535 medicum
733 480 957 550 inpotentem,
980 483 1040 549 qui
1061 483 1114 537 ter

437 567 579 623 viduam
602 569 703 624 duxit
724 581 872 624 uxorem

405 686 478 746 Post
501 695 546 747 tot
568 687 682 766 repleta
706 685 791 748 busta

406 775 444 835 Et
467 775 606 836 funerum
630 784 763 836 catervas

405 866 447 924 Ac
470 864 605 943 dispares
629 867 759 944 maritos,

405 952 523 1030 Rugosa
548 972 623 1033 quos
645 957 774 1031 peremit

404 1042 485 1103 Fatis
509 1060 584 1103 anus
609 1044 748 1124 sinistris,

404 1130 449 1192 Tu
474 1150 563 1211 nunc,
587 1131 737 1211 chirurge‚
761 1139 886 1211 quartus

404 1219 540 1281 Coniunx
563 1228 665 1281 vocate
689 1221 814 1300 plaudis.

405 1307 463 1369 Sed
487 1312 571 1371 virus
596 1328 629 1371 es
652 1309 797 1388 sepultus,

403 1397 480 1458 Dum
503 1408 587 1478 parte
612 1417 669 1478 qua
693 1398 817 1459 decebat

402 1485 451 1547 Nil
474 1490 610 1548 contines
634 1489 741 1547 mariti.

402 1574 463 1635 Iam
487 1593 587 1654 nosco,
611 1578 661 1635 cui
684 1575 802 1635 ridetur

401 1663 546 1742 Nupsisse
569 1662 659 1723 Paula
683 1681 798 1724 rursus

402 1751 494 1813 Nulli!
518 1752 589 1831 quid
613 1770 684 1830 ergo
708 1749 801 1813 iecit?

401 1840 516 1901 Mutare
541 1860 607 1900 mox
632 1840 789 1920 lugubrem

402 1928 496 1999 Quam
521 1940 689 2010 sumpserat
712 1934 825 2009 cupivit

401 2017 480 2078 onr
503 2020 629 2079 nefanda
653 2029 774 2100 vestem,

401 2106 438 2167 Vt
462 2117 587 2187 quartus
611 2117 699 2187 atque
723 2141 767 2151 -
792 2112 915 2188 quintus

400 2196 499 2256 Possit
522 2199 624 2257 venire
649 2196 791 2258 coniunx!

615 2389 680 2453 310

134 2521 137 2526 ·
162 2502 205 2556 In
232 2503 476 2571 pentomimem
504 2516 721 2573 pygmaeum,
754 2517 843 2572 quae
869 2504 1128 2561 Andromaches

163 2591 319 2647 fabulam
345 2592 546 2662 frequenter
576 2592 724 2648 saltabat
751 2595 786 2649 et
812 2595 951 2662 raptum
978 2593 1129 2650 Helenae

162 2729 399 2790 Andromacham
423 2737 512 2808 atque
536 2728 678 2790 Helenam
702 2729 789 2791 saltat
806 2729 978 2791 Macedonia
1001 2749 1128 2811 semper,

207 2817 245 2878 Et
269 2819 377 2897 quibus
400 2818 518 2878 excelso
542 2837 667 2897 corpore
691 2819 785 2878 forma
809 2821 873 2880 fuit.

161 2905 241 2967 Haec
265 2916 365 2967 tamen
388 2916 440 2967 aut
463 2907 582 2967 brevior
604 2906 750 2988 Pygmaea
774 2911 889 2987 virgine
913 2911 1010 2987 surgit

206 2996 304 3075 ipsius
328 3003 379 3056 aut
402 3004 546 3074 quantum
571 3015 623 3076 pes
647 3005 711 3057 erat
734 2997 966 3058 Andromachae.

232 3168 301 3223 309.
320 3165 506 3236 Anagretium
524 3167 554 3220 in
572 3185 627 3237 sqq.
645 3167 673 3221 A
710 3184 846 3222 uxuorem
864 3168 893 3221 A
942 3168 1047 3221 lbuta
1061 3171 1088 3223 A

161 3239 313 3293 icatehas
327 3239 355 3293 A
419 3237 515 3291 3Han
534 3240 562 3292 A
624 3238 774 3308 4Rogosa
792 3241 820 3294 A
880 3238 1042 3307 dcircurge
1061 3240 1089 3292 A

161 3315 194 3364 11
215 3327 264 3364 cur
281 3312 365 3381 unipo
425 3314 459 3363 13
477 3310 527 3363 fiet
545 3310 686 3365 Baehrens
745 3315 780 3363 14
797 3309 915 3363 lucubre
933 3310 962 3365 A
1023 3314 1056 3362 15
1076 3326 1125 3363 eu-

159 3380 234 3451 piuit
251 3384 336 3453 culpo
356 3379 465 3449 cupibit
479 3381 506 3435 A
562 3386 595 3434 17
615 3382 680 3448 adq;
699 3381 728 3436 A
764 3384 867 3449 quarto
882 3383 966 3435 eunte
985 3381 1124 3436 Baehrens

231 3454 301 3508 310.
324 3451 438 3522 pigmeai
457 3469 511 3525 qup
532 3453 699 3506 andromace
713 3454 742 3507 A
759 3451 928 3522 pantomimi
947 3451 1083 3522 pigmemi
1096 3454 1123 3507 B

160 3524 239 3596 plene
258 3524 286 3578 A
304 3524 368 3578 hele
387 3523 415 3576 B
466 3528 480 3577 1
501 3524 677 3578 Andromene
697 3525 762 3593 adq;
777 3526 805 3580 A
823 3523 1050 3578 Andromacham
1065 3525 1092 3579 B

160 3601 176 3649 3
194 3595 309 3665 pigmen
329 3597 389 3649 AB
426 3595 538 3664 uirgine
553 3596 580 3650 A
634 3603 652 3650 4
672 3597 840 3651 andromaee
859 3596 887 3648 A
906 3595 970 3650 -che
988 3598 1016 3650 B

909 3687 963 3738 17*
