2646 3920
516 201 720 257 PRAEFATIO
1023 201 1101 257 XXV

138 367 290 430 vandalica
305 387 329 431 c.
345 365 420 448 285,
435 368 511 430 liber
526 368 619 430 XXIII
635 369 845 450 Sympbosium
860 365 1104 431 ‘scholastIcum'

137 457 212 519 Nam
235 467 340 538 poetae
365 457 460 520 titulis
483 461 618 538 insigniti
645 478 748 520 omnes
771 459 902 519 Africani
930 467 960 519 et
983 458 1103 539 quidem

138 547 260 609 ultimae
279 549 385 609 aetatis
404 557 475 609 sunt
493 548 532 624 (r.
552 567 579 627 p.
594 542 710 628 XXVI).
741 547 779 608 Et
798 550 836 609 de
853 551 982 623 singolis
1001 551 1104 608 coasts

139 639 269 697 carmina
292 637 327 697 ad
347 636 544 698 Vandalorum
568 645 695 698 aetatem
719 636 875 697 referenda
899 636 1046 716 ridentur,
1074 646 1104 696 et

139 725 260 804 quidem
288 744 313 786 c.
332 723 396 789 387
422 726 458 786 ad
482 725 625 787 Hunerici
648 744 774 805 regnum
798 718 884 808 (ann.
907 718 1103 805 ott-484)

140 822 221 875 certe
259 816 398 892 pertiuet.
463 813 596 892 [Nullum
631 816 724 893 igitur
760 815 964 875 adiumentum
1001 831 1035 874 ea
1071 831 1105 873 re

139 905 359 984 nanciscImur,
394 921 453 982 quo
486 903 671 981 singulorum
703 903 850 964 librorum
881 905 1012 982 origiues
1046 903 1104 963 dis·

139 991 322 1071 cernamus]

205 1079 286 1142 llaec
314 1099 434 1160 quoque
468 1080 505 1141 de
533 1081 671 1142 Africana
703 1079 832 1161 syllogae
860 1089 979 1142 nostrae
1007 1079 1106 1141 Indole

141 1170 275 1230 addenda
295 1178 377 1248 puto.
410 1169 579 1240 Quaeretur
598 1173 686 1252 enim,
705 1173 773 1250 quis
792 1188 856 1230 eam
876 1171 1106 1231 concinnaverit.

142 1257 181 1319 lu
202 1258 366 1320 Luxorium
391 1260 511 1339 andem
540 1260 571 1320 id
594 1260 702 1320 fecisse
727 1259 772 1319 rel
795 1259 923 1337 aliquem
948 1262 1013 1319 elus
1035 1260 1106 1319 ami·

142 1365 211 1408 cum
234 1351 332 1427 possit
355 1351 482 1428 quisita
503 1348 639 1429 probare,
663 1357 696 1408 ut
715 1348 794 1408 dicat
813 1357 843 1408 et
866 1347 946 1408 illins
969 1350 1106 1408 carmini·

142 1435 199 1497 bns
231 1436 318 1517 longe
355 1437 493 1515 plurImis
529 1446 625 1499 totum
662 1455 790 1516 eumque
822 1435 960 1496 ultImum
997 1434 1108 1497 llbrum

141 1534 326 1587 reservatum
350 1544 426 1607 esse,
450 1536 480 1587 et
503 1545 578 1605 quae
603 1526 737 1587 eiusdem
759 1528 791 1585 in
810 1524 875 1586 aliis
897 1524 1034 1603 partibus
1058 1542 1106 1585 oc·

141 1623 274 1695 currant,
298 1633 406 1676 nomen
430 1617 496 1676 eius
520 1614 678 1694 diligenter
701 1615 842 1694 prodere:
866 1632 954 1694 quem
978 1632 1037 1692 quo
1061 1631 1107 1673 re-

143 1703 240 1764 fellam
259 1704 398 1784 equidem
417 1722 478 1766 non
498 1703 600 1765 babeo.
641 1702 818 1782 [Luxorium
838 1713 936 1765 tamen
956 1702 1107 1763 Baehrens

142 1795 268 1875 respuit,
293 1795 361 1872 quia
386 1795 451 1855 eius
475 1796 606 1855 carmina
629 1796 660 1853 in
683 1799 712 1853 Α
734 1794 813 1853 utils
837 1800 979 1854 scateant.
1016 1790 1107 1862 Quasi

142 1900 203 1943 non
231 1891 284 1943 aut
313 1900 367 1962 per
397 1883 456 1943 duo
484 1883 601 1944 saecula
629 1884 700 1942 vitia
728 1888 762 1942 ut
793 1884 824 1941 in
857 1890 956 1943 cetera
988 1883 1029 1941 ita
1061 1879 1108 1941 rel

142 1974 173 2031 in
210 1973 341 2033 auctoris
377 1970 504 2051 syllegae
537 1974 668 2032 carmina
701 1973 834 2049 irrepere
868 1971 1021 2049 potuerint
1057 1979 1108 2030 ant

142 2061 238 2139 ipsIus
262 2059 312 2120 ille
335 2059 513 2122 Octavianus
542 2078 630 2139 quem
659 2062 757 2120 omnia
781 2058 937 2137 collegisse
960 2066 1045 2137 putat
1068 2057 1108 2138 (r.

143 2145 237 2225 infra)
261 2167 321 2210 non
344 2151 443 2210 minus
466 2148 541 2209 male
565 2152 596 2209 in
619 2150 647 2209 Α
669 2147 789 2209 babitus
812 2146 864 2209 siti
911 2147 987 2208 Sunt
1010 2155 1109 2207 tamen

143 2241 197 2318 qul
215 2237 359 2299 Faustum
379 2238 502 2299 Lonorii
523 2241 651 2299 amicum
670 2239 874 2315 composuisse
894 2235 1010 2297 malint:
1030 2235 1109 2315 quod

144 2345 324 2408 quamquam
348 2329 479 2388 carmIne
501 2323 565 2389 287
590 2345 650 2387 non
674 2326 854 2406 detenditur,
877 2334 977 2386 tamen
1000 2342 1054 2403 per
1077 2342 1109 2384 se

144 2419 217 2477 satis
240 2413 395 2496 probabile
419 2424 473 2477 est.
510 2415 598 2477 Certe
621 2414 668 2474 vel
688 2413 837 2475 Luxorins
861 2413 906 2475 vel
930 2416 1027 2492 quivis
1046 2415 1110 2473 eius

144 2508 259 2566 amicus
283 2523 359 2584 opus
383 2504 533 2582 coniecit]
581 2504 707 2575 Quando
735 2510 833 2563 autem
858 2501 967 2582 sylloga
992 2504 1110 2563 concin-

146 2604 214 2655 nata
234 2597 282 2675 sit,
306 2594 376 2655 inde
394 2601 428 2655 ut
446 2601 519 2674 puto
539 2592 670 2672 intellegi
690 2594 810 2671 poterit,
830 2590 910 2670 quod
929 2600 960 2651 et
978 2590 1111 2651 Hilderix

145 2701 198 2744 rex
223 2703 249 2744 c.
267 2680 333 2745 203
353 2685 533 2761 nominatur,
557 2684 609 2761 qui
632 2700 658 2743 a.
677 2677 742 2743 523
767 2698 893 2761 regnum
912 2679 1038 2760 adeptus
1056 2688 1112 2760 est,

146 2780 177 2833 et
208 2781 277 2851 post
304 2771 449 2833 Vandalos
481 2789 497 2831 a
524 2769 694 2851 ByzantinIs
722 2789 747 2830 a.
771 2766 838 2832 534
870 2767 1021 2830 sublectos
1053 2769 1111 2829 tale

147 2860 234 2940 quale
257 2868 338 2922 extat
360 2860 539 2938 florilegium
568 2855 650 2941 [cum
678 2857 816 2920 laudibus
840 2875 944 2936 regum
968 2856 1112 2918 Vandalo-

146 2947 258 3026 lorum]
288 2951 486 3028 compositum
514 2967 580 3009 esse
608 2967 714 3028 parum
738 2956 784 3009 est
811 2943 1007 3029 probabile1).
1054 2945 1113 3024 [Ex

146 3056 171 3099 c.
197 3035 260 3099 341
277 3055 320 3116 sq.
350 3036 537 3099 Scbubertus
570 3048 652 3099 recte
680 3044 765 3116 putat
792 3037 849 3096 hoc
882 3054 1001 3115 quoque
1035 3036 1113 3097 ellici

146 3144 254 3207 posse,
286 3129 364 3187 intra
392 3145 486 3188 annos
514 3122 579 3188 532
613 3135 643 3187 et
670 3122 737 3188 534
765 3125 906 3205 syllogam
935 3143 1002 3186 esse
1030 3127 1112 3185 insti-

220 3299 246 3365 1)
265 3296 320 3351 Illa
337 3299 432 3352 auiam
451 3298 545 3352 aetate
563 3297 716 3351 Luxorium
734 3310 847 3365 quoque
865 3293 907 3349 roi
945 3292 1053 3348 naticae
1071 3292 1114 3345 in-

147 3367 279 3423 cubuisse
303 3383 416 3422 curmen
438 3374 491 3423 203
516 3368 611 3437 docei3
635 3385 719 3437 quem
742 3367 801 3420 iam
824 3366 876 3421 sub
900 3364 922 3418 T
958 3364 1113 3418 asamundo

147 3439 193 3493 vel
212 3441 297 3493 antea
320 3439 479 3509 scripsisse,
504 3438 581 3511 [inde
605 3441 737 3510 apparel,
762 3438 838 3506 quod
861 3453 909 3492 eos
927 3452 1025 3491 versus
1044 3451 1114 3503 quos

150 3511 227 3565 ‘olim
255 3527 328 3581 puer
357 3513 391 3566 iu
414 3512 478 3579 foro
499 3514 629 3581 parooit'
664 3514 736 3581 (287,
760 3512 787 3579 5)
819 3507 850 3561 in
882 3506 1021 3577 syllogam
1048 3505 1114 3560 iibri

147 3581 240 3636 XXIV
258 3580 387 3653 recepit]

750 3668 763 3707 r
