2654 3926
225 194 293 260 202
625 194 793 250 cottonius

159 339 301 445 ‚iiim
670 359 734 424 251

989 417 1003 443 Ι

220 467 292 528 Tam
324 468 434 531 malum
462 475 508 530 est
535 467 645 529 hahere
679 487 830 551 nummos,
861 487 922 531 non
953 467 1063 532 habero
1097 489 1187 550 quam

860 557 971 619 malum
995 567 1050 621 est.

220 645 292 706 Tam
310 646 421 708 malum
440 655 487 707 est
505 646 616 708 audere
631 662 758 727 semper,
777 665 866 726 quiam
881 647 992 797 mdalnm
1006 657 1052 709 est
1066 667 1188 728 semper

881 754 967 798 nor.

219 823 291 884 Tam
310 824 420 885 malum
436 831 482 885 est
497 832 596 885 tacere
614 824 749 905 muitum
769 755 982 973 qnam5mainm⁸
997 833 1043 887 est
1057 826 1186 888 multum

871 933 951 978 out.

219 1000 292 1062 Tam
302 1001 411 1062 malurn
422 1010 467 1062 est
477 999 550 1062 ioris
560 1004 662 1084 amica,
673 1021 761 1083 quam
773 1002 881 1063 noalum
891 933 937 1064 {st
947 1022 1024 1064 uxor
1034 1004 1122 1066 domi.
1139 1033 1172 1087 p,
1180 1022 1244 1075 128

164 1173 305 1269 ΗΝ·
667 1170 732 1265 '252

219 1302 364 1364 Consuies
387 1304 463 1365 fiunt
485 1307 645 1384 quotannis
669 1312 699 1364 et
722 1307 791 1366 noni
813 1306 1022 1386 proconsules:

220 1391 306 1454 Solus
329 1401 381 1453 ant
403 1411 456 1454 rex
481 1401 532 1454 aut
554 1403 642 1472 poeta
664 1411 725 1454 non
749 1396 909 1480 quotannis
933 1397 1074 1457 nascitur.

109 1753 111 1759 .
164 1743 190 1784 Β,
203 1743 216 1783 1
231 1745 264 1786 η
578 1602 818 1778 sufflatu

162 1796 298 1892 {1⁵32ss
390 1828 439 1882 Do
464 1825 652 1883 oonoubItu
673 1826 790 1882 Martis
813 1828 848 1882 et
870 1826 1011 1883 venen-ts
1092 1838 1094 1841 ·

217 1944 328 2005 Discite
353 1962 476 2006 securos
500 1963 558 2005 non
584 1962 723 2025 nmquam
747 1944 871 2006 credere
894 1964 1019 2007 amores.

217 2032 283 2112 lpsa
306 2032 416 2115 Venus,
439 2035 488 2095 oni
510 2034 627 2094 flamma
651 2045 766 2115 potens,
790 2035 839 2095 oni
863 2033 1090 2118 militatarum,

214 2121 299 2195 Quae
322 2130 388 2184 tuto
411 2133 513 2203 posset
535 2122 660 2183 custode
685 2122 830 2202 Cupidine
854 2140 962 2206 amane,

217 2211 299 2283 Quae
323 2211 411 2273 docet
434 2220 464 2273 et
488 2211 607 2273 fraudes
630 2222 660 2272 et
683 2230 817 2273 amorum
841 2212 919 2273 iurta
944 2220 1055 2294 tuetur,

216 2299 277 2361 Neo
301 2300 359 2362 sibi
382 2318 503 2361 securas
526 2299 618 2360 valuit
640 2300 784 2379 praebere
808 2300 945 2363 latebras.
1042 2322 1045 2325 ·

215 2389 343 2469 Inprobe
367 2390 442 2450 dune
465 2407 550 2470 puer,
573 2389 703 2451 erudelis
727 2391 851 2450 crimine
875 2391 987 2469 matois,
1097 2384 1099 2389 ’

215 2478 357 2558 Pompam
380 2478 475 2560 ducis,
498 2477 598 2557 Amor,
620 2478 702 2538 nollo
726 2481 829 2539 satiate
853 2478 1018 2558 triumpho!

214 2565 294 2638 Quid
318 2585 460 2628 conversa
483 2566 561 2627 lovis
584 2565 703 2628 laetaris
726 2567 848 2631 fulmina
872 2565 1012 2648 semper?

215 2655 253 2716 Vt
275 2674 359 2735 mage
382 2656 567 2716 flammantes
590 2659 687 2735 possis
710 2656 830 2716 laudare
855 2659 986 2738 sagittas,

215 2744 308 2823 Iunge
331 2763 408 2823 puer
431 2753 541 2806 tenetes
564 2744 688 2806 Veneris
711 2744 873 2824 Martisque
897 2754 1024 2828 catenas,
1203 2762 1236 2813 10

216 2833 320 2894 Gestat
342 2851 443 2894 amans
466 2833 582 2894 Mavors
605 2834 708 2895 titulos
732 2842 762 2895 et
785 2833 902 2895 vinnula
925 2844 1026 2914 portet
1318 2822 1319 2843 ¹

216 2921 364 3002 Captivos,
388 2940 476 3002 quem
500 2921 575 2983 belia
598 2921 718 2984 timent!
755 2931 847 3003 utque
871 2925 935 3002 ipse
958 2924 1084 3004 veharis,

215 3009 275 3070 lam
299 3011 393 3071 roseis
417 3010 576 3076 seraonlIa
601 3014 679 3091 iugis
702 3011 852 3074 submittit
874 3022 1000 3094 amator3

286 3163 355 3220 251.
385 3169 399 3216 1
418 3164 524 3220 habere
542 3164 647 3234 habere
664 3182 793 3219 nummos
811 3167 839 3220 B
906 3170 922 3219 2
941 3168 986 3220 esi
1002 3185 1022 3239 p
1040 3166 1132 3237 pudor
1149 3169 1179 3224 A
1198 3178 1201 3187 ·

215 3237 260 3289 est
278 3251 388 3304 semper
405 3251 510 3304 ponere
528 3237 556 3290 B
575 3251 665 3305 pauor
682 3238 820 3306 Lipsius,
853 3242 911 3292 3,4
930 3239 1027 3311 quom]
1046 3241 1106 3294 iam
1124 3239 1154 3294 A
1243 3252 1247 3259 ·

286 3306 353 3360 252.
373 3312 388 3359 1
409 3306 534 3375 quodani
552 3308 580 3361 B
635 3313 650 3360 2
669 3307 828 3375 quodannis
847 3309 908 3363 AB

286 3377 353 3431 253.
382 3376 537 3453 Nepotiani
560 3379 763 3446 Wernsdorpius
798 3379 840 3433 De
860 3397 910 3435 om.
927 3381 954 3433 A
1028 3386 1177 3465 lseeurns

213 3462 424 3597 miii}
441 3448 474 3572 3}
492 3454 557 3583 aa?
574 3449 749 3589 ὅῗὲἓὲωῒ.
813 3451 1010 3578 titini
1035 3451 1178 3596 afflui}

215 3601 308 3640 uonna
326 3586 354 3640 A
373 3589 418 3656 (se.
438 3590 602 3659 triumphati
619 3593 715 3660 cumn)
789 3596 823 3646 13
842 3592 992 3649 submittat
1009 3595 1107 3651 Burm.
