2672 3924
220 195 285 260 328
621 188 788 247 CARMINA

264 361 326 423 lam
350 361 423 421 milri
446 371 586 422 narretur
609 360 731 421 tumidis
753 360 902 421 Arethusa
925 359 1041 440 papillis

310 450 396 512 Nunc
419 451 539 511 astricta
564 468 663 510 comas
686 468 767 511 nunc
790 449 921 511 resoluta
944 467 1058 531 comas,

265 539 303 601 Vt
326 539 414 600 modo
436 546 584 599 nocturno
608 538 707 616 pulset
729 558 795 600 mea
819 539 919 599 limina
944 541 1028 617 signo
1224 547 1241 597 5
1309 554 1310 569 ¹

311 628 479 707 Intrepidos
502 626 636 688 tenebris
659 646 771 706 ponere
795 628 882 689 docta
905 628 1007 707 pedes,

266 717 354 779 Nunc
377 716 453 778 collo
476 716 580 777 molles
604 718 717 777 circum
743 717 848 777 diffusa
871 717 999 778 lacertos

312 805 447 867 lnlleotat
469 808 588 866 niveum
612 808 794 885 semisupina
817 805 903 887 latus,

268 896 362 975 Inque
386 894 490 955 modos
514 913 628 976 omnes,
650 894 747 956 dulcis
771 897 884 956 imitata
907 893 1039 975 tabellas,

313 985 458 1045 Transeat
481 993 511 1044 et
534 983 611 1044 lecto
636 983 764 1062 pendeat
786 984 835 1044 illa
859 1003 934 1066 meo,
1209 994 1246 1043 10

268 1073 330 1135 Neo
354 1073 464 1152 pudeat
488 1075 656 1153 quicquam,
681 1073 732 1133 sed
758 1091 804 1133 me
831 1092 950 1155 quoque
973 1075 1101 1153 nequior
1123 1075 1189 1153 ipso

314 1160 435 1223 Exultat
458 1170 522 1221 toto
545 1179 605 1221 non
630 1164 766 1240 requieta
792 1171 868 1224 toro.

269 1251 335 1313 Non
359 1250 464 1330 deerit,
487 1249 637 1310 Priamum
662 1252 714 1329 qui
736 1250 852 1333 defleat,
876 1250 1004 1312 Hectora
1027 1260 1141 1312 narret:

315 1340 442 1419 Ludere,
465 1338 558 1419 Musa,
581 1341 675 1400 iuvat:
698 1339 782 1400 Musa
805 1358 917 1422 severa,
940 1339 1016 1401 vale!

675 1515 742 1580 430

174 1639 206 1735 ᾖ
215 1638 313 1733 156118.
616 1630 718 1685 Liber
739 1630 810 1686 1111

175 1746 204 1789 a.
217 1745 294 1787 rurs.
560 1725 616 1796 [lle
634 1739 732 1795 puero
750 1725 861 1796 amato]

168 1899 173 1906 ,
261 1837 299 1901 .0
324 1856 425 1899 sacros
448 1837 547 1898 vultus
570 1837 686 1899 Baccho
710 1838 756 1899 vel
780 1839 914 1918 Apolline
938 1840 1052 1920 dignos,

320 1926 401 1997 Quos
424 1930 479 2009 vir,
503 1945 578 2005 quos
602 1937 666 1988 tuto
690 1928 799 1988 lomina
822 1928 902 1989 nulla
926 1927 1018 1989 videt!

275 2015 300 2078 0
324 2016 441 2094 digitos,
465 2015 567 2096 quales
589 2019 676 2096 pueri
700 2016 746 2077 vel
769 2019 892 2096 virginis
916 2036 981 2078 esse

320 2105 373 2165 Vel
395 2108 496 2185 potius
519 2106 625 2166 credas
648 2107 772 2185 virginis
795 2124 861 2167 esse
885 2105 946 2167 dei!

277 2193 369 2274 Felix,
393 2196 501 2273 siqua
524 2202 608 2255 tunrn
633 2194 770 2257 conrodit
791 2195 902 2255 femina
925 2194 1043 2276 collum,

321 2283 413 2364 Felix,
437 2302 513 2362 quae
536 2282 627 2344 labris
650 2283 737 2344 livida
761 2283 844 2344 labra
867 2285 946 2365 lacit,
1224 2313 1255 2361 *5

278 2370 419 2452 Quaeque
443 2371 541 2451 puella
564 2381 616 2433 tuo
641 2391 708 2433 oum
732 2383 854 2452 pectore
877 2382 1000 2453 pectora
1023 2374 1107 2453 ponit

322 2459 361 2521 Et
383 2462 513 2540 lingnam
538 2470 641 2522 tenero
665 2461 755 2522 lassat
777 2465 807 2521 in
832 2480 884 2522 ore
908 2479 1000 2523 suam.

306 2637 322 2685 3
346 2632 406 2685 Iam
428 2632 528 2701 scripsi
549 2632 631 2686 Nunc
654 2633 681 2687 V
727 2639 841 2688 aretusa
865 2634 891 2688 V
939 2632 1050 2702 capillis
1074 2634 1106 2702 V,
1128 2650 1199 2689 corr.

234 2704 373 2759 Ruhnken
445 2708 461 2756 5
480 2704 520 2759 Vt
537 2704 731 2776 Burrrrannus]
752 2706 790 2759 Et
812 2706 839 2759 V
872 2704 955 2758 modo
974 2721 1048 2759 nuno
1066 2708 1150 2758 turno
1175 2704 1204 2759 V

234 2775 351 2844 pulsans
375 2775 408 2841 V,
426 2792 495 2830 corr.
514 2775 698 2831 Burmannus
770 2782 786 2830 8
804 2774 940 2829 Etfleotat
963 2777 994 2843 V,
1013 2793 1081 2832 corr.
1104 2776 1202 2831 Fran-

235 2848 294 2901 cius
316 2846 356 2900 Ut
373 2845 471 2900 flectat
493 2847 675 2901 Burmannus
712 2845 891 2915 semeeupina
914 2847 941 2901 V
1011 2846 1142 2901 9'dulcee
1166 2846 1202 2914 V,

236 2970 305 3008 corr.
320 2970 354 3007 ru.
369 2969 418 3007 see.
473 2957 506 3006 10
525 2952 600 3007 lecto
615 2953 642 3006 V
657 2952 715 3006 telo
730 2954 913 3009 Ruhnkenius
954 2959 987 3008 11
1002 2953 1129 3022 pudeant
1147 2938 1204 3023 cinq

242 3025 269 3078 V
302 3023 391 3092 ips÷0
412 3023 439 3078 V
490 3029 523 3077 12
542 3023 660 3078 Exultat
684 3025 711 3078 V
762 3030 796 3077 14
814 3041 913 3079 seuera
937 3027 964 3080 V
979 3041 1080 3079 sonora
1097 3042 1131 3078 ru.
1151 3041 1204 3080 seo.

238 3111 337 3149 seuera
355 3098 387 3150 in
405 3112 457 3219 νηί.
476 3113 510 3150 nt.
530 3113 581 3150 ree.

308 3167 377 3221 luo.
396 3164 429 3218 Li
450 3182 480 3220 er
496 3166 549 3220 1111
568 3167 602 3234 V,-
622 3167 668 3222 ‘sc
687 3167 802 3223 Senecae
819 3167 1001 3222 carminum':
1018 3167 1208 3222 Rossbachius

237 3245 264 3293 et
281 3239 422 3293 Baehrens
428 3260 438 3304 ;
460 3237 506 3294 ‘sc
527 3239 700 3308 antholopiae
719 3239 898 3293 Salmasiani'
921 3238 1020 3307 Peiper
1057 3237 1097 3292 De
1115 3253 1205 3306 puero

239 3312 334 3362 amato
358 3308 490 3379 Scalipsr,
510 3326 560 3364 ont.
581 3310 608 3364 V
641 3309 784 3363 lbachoc
803 3312 829 3379 (o
847 3312 937 3379 erasa)
963 3310 993 3363 V.
1027 3311 1062 3376 cs.
1083 3308 1206 3364 Ouidius

238 3386 344 3434 ranam.
363 3380 480 3433 111421
555 3385 572 3432 4
595 3379 665 3435 deae
689 3381 725 3448 V,
750 3380 796 3435 dei
818 3381 927 3436 Zielten
966 3379 1054 3448 Virgo
1077 3380 1207 3435 deusest

238 3450 366 3504 Bacchus
383 3452 429 3504 uel
446 3451 548 3520 Apollo
565 3453 694 3520 eplubus;
719 3454 759 3506 sic
776 3468 846 3521 puer
863 3450 945 3519 uirgo
965 3451 1116 3507 Marcellus
1134 3451 1206 3505 Em-

236 3523 294 3589 pir.
310 3538 339 3588 p.
355 3525 406 3573 262
427 3521 516 3591 Steph.
590 3522 716 3575 oFfelix
740 3524 835 3590 V‚sed
853 3539 923 3578 corr.
941 3541 975 3579 nt.
991 3541 1037 3593 pr.
1075 3524 1208 3591 quantun

247 3590 273 3644 V
287 3593 317 3659 (n
335 3594 424 3658 crasa)
480 3590 605 3645 olibida
628 3593 654 3647 V
