2672 3924
222 199 289 266 320
623 199 791 256 CARMINA

168 451 295 495 umes.
672 419 739 483 415

167 506 200 601 1¹³¹?
209 507 286 601 ppo,
639 536 688 590 De
710 548 771 603 ⁸1³0

503 645 665 723 (queritur
682 660 740 716 per
757 647 909 719 exempla)

268 777 343 857 Spes
362 776 457 858 fallax,
477 795 547 857 spes
566 777 652 839 dulce
671 777 790 859 malum,
814 795 883 856 spes
902 794 1017 836 summa
1035 775 1194 857 malorum,

313 864 451 927 Solamen
474 869 601 947 miseris,
626 884 778 946 quassus
802 865 859 926 iata
883 864 1014 944 trahunt,

269 953 396 1016 Credula
419 972 478 1034 res,
502 973 591 1034 quam
614 954 694 1016 nulla
717 962 818 1035 petest
841 954 961 1015 fortuna
984 954 1096 1034 fugare,

314 1043 389 1122 Spes
412 1053 471 1104 stat
494 1045 526 1104 in
549 1046 691 1105 extremis
715 1045 847 1104 oilieiusa
869 1043 963 1104 malis.

270 1132 346 1213 Spes
368 1139 448 1193 vetat
470 1135 600 1193 aeternis
623 1132 729 1193 Mortis
752 1134 944 1212 requiescere
967 1133 1063 1211 portis
1237 1148 1254 1196 5

313 1220 352 1282 m
375 1238 464 1282 curas
487 1221 568 1281 lerro
592 1239 731 1301 rumpere
756 1221 906 1282 sollicitas.

270 1310 346 1389 Spes
368 1310 465 1371 nescit
487 1311 575 1390 vinei,
598 1328 668 1390 spes
690 1310 801 1389 pendet
824 1319 885 1371 tuta
909 1310 1032 1389 suturis3

314 1398 467 1480 Mentitur,
491 1399 574 1460 credi
598 1398 660 1460 vult
683 1408 781 1459 tamen
805 1398 855 1459 illa
879 1393 974 1480 [sibi].
1313 1430 1314 1521 p

270 1488 416 1569 Improba,
440 1490 549 1549 mentis
573 1490 668 1569 inops,
691 1487 783 1549 rebus
806 1489 973 1566 gratissima
997 1486 1095 1568 laesis,
1313 1538 1314 1569 ,

315 1575 396 1647 Quas
419 1577 499 1638 louet
522 1586 551 1637 et
576 1579 651 1638 verti
674 1577 734 1638 lata
756 1576 883 1638 subinde
907 1577 1003 1639 docet.
1219 1591 1255 1641 ιο

272 1665 341 1726 Sola
363 1673 447 1727 tenet
469 1668 596 1726 miseros
619 1668 649 1726 in
674 1668 742 1746 vita,
766 1664 827 1726 sola
850 1674 995 1746 moratur,

317 1752 384 1814 Sola
408 1756 487 1833 perit
510 1772 681 1835 numquam,
704 1773 761 1815 nec
784 1756 865 1815 venit
888 1763 977 1834 atque
1000 1753 1087 1814 redit.

273 1843 368 1921 Saepe
392 1842 470 1904 bono
494 1862 661 1922 rursusque
686 1843 762 1903 malo
783 1842 973 1904 blandissima
993 1860 1081 1922 saepe
1105 1836 1196 1924 [est];

315 1931 354 1993 Et
378 1949 453 2011 quos
476 1932 603 2013 decepit,
626 1931 738 2011 desipit
760 1930 809 1993 illa
831 1939 939 1993 tamen.

271 2020 430 2101 Instabilis,
454 2020 545 2082 dubio
568 2021 679 2082 devera
702 2021 738 2082 ad
762 2029 897 2101 tempora
921 2032 1012 2103 motu,
1221 2037 1254 2085 15

316 2110 418 2172 Audax
442 2120 473 2170 et
496 2110 630 2171 clausum
654 2128 730 2190 quae
752 2119 839 2190 putet
862 2128 927 2171 esse
951 2108 1035 2191 nihil,

275 2199 381 2261 Omnia
403 2201 552 2278 promittit
576 2207 645 2260 nota
669 2199 787 2260 levitate
811 2199 949 2280 deorum;

316 2288 364 2350 Nil
388 2289 478 2349 fixum
503 2299 534 2349 et
557 2306 644 2350 casus
667 2288 805 2350 admonet
829 2306 894 2349 esse
917 2287 1006 2350 leves.

300 2530 368 2587 415.
392 2529 520 2599 queritur
538 2546 590 2600 per
608 2530 738 2600 exemplu
762 2531 794 2598 V,
816 2531 886 2585 delet
902 2531 937 2585 L.
957 2530 1110 2586 Muellerus
1128 2548 1200 2587 mus.

229 2603 270 2659 rlt.
290 2601 407 2657 XXIII
417 2607 460 2657 97.
497 2603 532 2670 ef.
550 2602 677 2657 Tibullus
693 2603 732 2657 ΙΙ
743 2606 768 2670 6,
784 2606 816 2655 19
828 2618 883 2672 sqq.
922 2602 1042 2657 Ouidius
1060 2619 1095 2656 eu
1109 2602 1202 2658 Ponto

229 2675 252 2729 I
262 2678 287 2740 6,
302 2677 336 2727 26
346 2690 401 2743 sqq.
440 2679 527 2727 lune
540 2672 679 2727 melorum
695 2673 871 2743 Oudeudorp,
887 2674 935 2728 sed
952 2674 989 2741 ef.
1010 2673 1094 2728 Ouid.
1116 2674 1201 2730 Tulei.

236 2746 330 2813 Vm
384 2749 491 2812 iquos
505 2744 642 2800 Heiusius
661 2760 718 2812 qun
737 2745 764 2799 V
816 2743 907 2815 3res]
928 2759 992 2813 spes
1006 2743 1166 2800 Seriuerim

231 2822 249 2869 4
262 2815 377 2869 Perstet
386 2816 521 2871 Heinsius
558 2819 574 2869 5
588 2814 689 2868 Mortis
703 2816 807 2900 Zieheu
817 2815 852 2882 ef.
866 2815 942 2870 Ilias
954 2816 1063 2896 ⁸IX312
1083 2817 1201 2871 esterno

232 2886 548 3028 uilissimi
576 2886 1201 3040 'lidMitlyslllleilulil

231 3045 320 3096 erasa,
343 3027 370 3074 V
394 3027 478 3083 lassis
504 3028 640 3084 Heiusius
730 3033 762 3082 11
791 3029 897 3083 inmlos
925 3029 1048 3100 Sealiper
1073 3028 1202 3083 inuitans

231 3099 385 3156 Muellerus
429 3105 463 3153 12
482 3098 562 3154 uenit
576 3100 616 3171 V]
636 3098 713 3168 perit
726 3099 849 3171 Seuliper
863 3100 913 3153 sed
926 3098 1008 3154 uenit
1021 3100 1204 3169 Wemedorf;

231 3172 278 3227 sed
298 3168 390 3224 ‘uenit
408 3171 494 3238 sique
513 3168 599 3225 redit’
626 3172 645 3227 i.
660 3188 682 3225 e.
701 3172 821 3238 solatur,
842 3172 941 3227 deiude
958 3172 1057 3226 deserit
1110 3187 1204 3240 usque

234 3242 378 3298 Fruueius
439 3247 472 3295 13
492 3257 577 3311 saepe
596 3244 641 3296 est
657 3243 757 3311 scripsi
775 3257 853 3313 semp
877 3241 905 3296 V
962 3247 996 3295 14
1015 3239 1135 3313 decipit]
1155 3242 1204 3298 de·

234 3311 311 3380 sepit
333 3312 361 3366 V
440 3318 473 3366 15
493 3311 608 3381 diuexo,
635 3319 668 3368 ut
693 3313 806 3368 uidetur
833 3328 867 3367 ess
895 3310 1012 3380 diuers,
1036 3313 1062 3366 V
1088 3312 1205 3368 diuersa

233 3382 269 3437 L.
289 3382 411 3437 Mueller
431 3383 540 3437 deuexa
559 3384 683 3454 Seuliper
765 3388 798 3437 16
818 3383 979 3438 elausdsum
998 3385 1072 3453 (sum
1090 3403 1110 3439 a
1126 3402 1163 3441 m.
1183 3391 1204 3441 2

234 3453 361 3521 deletum)
379 3452 407 3507 V
460 3458 492 3507 17
511 3453 650 3522 promitit,
668 3455 715 3508 sed
727 3471 796 3509 corr.
810 3472 845 3508 us.
856 3472 912 3524 pr,
928 3456 955 3509 V
985 3457 1065 3509 melu
1079 3455 1113 3524 V,
1132 3472 1204 3513 sorr.

234 3523 369 3647 gitssltpeup,
449 3528 483 3577 18
502 3524 603 3581 Nilus.
622 3530 642 3580 2
661 3541 695 3579 eu
712 3524 792 3577 Nihil
815 3526 843 3580 V
875 3525 1011 3580 admouet
1032 3526 1060 3581 V
1101 3526 1205 3582 breues

263 3634 268 3647 .
313 3609 347 3647 ue
369 3609 398 3648 er
