2672 3924
185 150 251 218 358
560 158 781 215 AENIGMATA

230 316 346 380 Nomen
370 321 480 400 quibus
505 344 598 386 uuum
622 330 759 408 natisque
783 345 894 407 conpar
917 329 1022 407 imago,

231 406 313 468 Meos
336 411 416 472 iuter
440 412 522 475 eibos
547 415 628 478 dulei
652 418 824 497 conplector
847 434 956 477 amore.

571 621 613 674 22
636 621 685 675 De
708 634 772 674 ove

232 710 347 789 Exigua
371 716 445 776 mihi
468 719 573 798 virtus,
602 720 654 780 sed
678 738 781 799 magua
805 718 939 778 facultas.

233 799 312 879 Opes
337 822 391 882 ego
415 805 490 868 uuili
515 826 634 889 quaero,
659 808 711 869 sed
735 808 856 869 confero
880 808 1006 886 cunetis,

233 890 367 970 Paupera
391 913 466 974 quae
491 897 618 958 multum
641 902 722 977 ipsos
746 916 813 958 nam
837 914 962 956 munero
984 913 1080 973 reges,

232 978 365 1043 Modieos
390 1002 517 1063 operans
541 987 623 1047 eibos
648 1006 739 1066 egena
763 986 884 1065 requiro

233 1068 272 1130 Ee
295 1071 395 1134 ieiuna
419 1091 507 1154 saepe
532 1094 622 1154 cogor
646 1076 798 1137 exsolvere
822 1092 955 1135 censum.

234 1159 339 1222 Nullus
363 1164 428 1224 siue
453 1183 517 1225 meo
542 1166 675 1225 mortalis
699 1182 824 1244 corpore
848 1170 973 1224 constat.

564 1368 605 1421 23
627 1368 675 1421 De
699 1365 776 1434 igne

234 1463 333 1525 Durus
357 1467 429 1527 mihi
453 1477 546 1547 pater,
570 1468 644 1528 dura
668 1486 715 1527 me
739 1474 861 1544 generat
884 1473 993 1525 mater:
1157 1478 1207 1527 133

234 1552 364 1615 Verbere
389 1575 455 1616 uam
479 1556 574 1617 muita
598 1557 687 1616 huius
711 1556 746 1615 de
771 1558 885 1616 viscere
909 1554 1026 1615 suudor.

233 1642 348 1704 Modica
373 1646 505 1724 prolatus
528 1646 610 1706 feror
633 1665 648 1705 a
672 1654 776 1705 ventre
799 1645 902 1723 figura,
1155 1657 1207 1706 135

235 1731 293 1793 Sed
318 1734 418 1795 adulto
442 1735 514 1795 mihi
539 1734 627 1796 datur
649 1737 783 1795 inmensa
807 1742 946 1813 potestas

234 1820 346 1882 Durum
371 1842 425 1902 ego
449 1835 564 1902 patrem
589 1823 753 1901 duramque
778 1821 876 1882 mollio
901 1830 1034 1900 matrem,

234 1910 272 1970 Et
297 1929 373 1991 quae
396 1916 486 1973 vitam
511 1915 636 1993 cernetis,
660 1912 733 1972 haee
757 1911 831 1971 mihi
854 1911 957 1971 funera
981 1917 1119 1990 praestat.

505 2115 549 2169 24
571 2116 619 2168 De
641 2113 839 2168 membrana

234 2215 370 2276 Manibus
394 2235 441 2276 me
464 2234 608 2295 perquam
633 2233 719 2293 reges
744 2223 774 2275 et
796 2216 861 2273 visu
885 2214 1043 2274 mirantur.
1156 2226 1209 2275 144

234 2303 364 2365 Lucrum
389 2307 453 2366 viva
477 2323 599 2365 maneus
623 2307 676 2363 toti
701 2321 769 2363 nam
793 2302 914 2362 consero
939 2301 1048 2361 mundo
1156 2315 1207 2364 139

234 2393 272 2454 Et
296 2394 434 2454 defuncta
459 2395 567 2454 mirum
592 2402 710 2471 praesto
735 2392 771 2452 de
796 2408 921 2469 corpore
946 2399 1111 2471 quaestum,
1155 2404 1208 2453 140

234 2481 373 2543 Vestibus
397 2491 484 2544 exuta
508 2482 661 2561 multoque
685 2480 803 2541 viuculo
827 2488 920 2540 tensa.

235 2571 337 2631 Gladio
362 2574 405 2632 sie
429 2572 502 2632 mihi
526 2572 644 2632 desecta
669 2573 783 2630 viscera
806 2568 947 2649 pendent,

234 2660 373 2740 Miliaque
397 2669 484 2741 porto
509 2660 588 2720 nulio
614 2659 670 2720 suh
694 2657 826 2738 pondere
850 2657 951 2718 multa.

262 2855 314 2904 126
333 2850 378 2904 Me
397 2850 425 2904 L
470 2848 575 2903 eiibos
590 2849 618 2902 B
654 2846 743 2919 dulci]
763 2846 844 2900 duiee
858 2849 894 2915 Β,
915 2845 1052 2901 diuitiarri
1066 2847 1125 2901 LV

191 2921 366 2975 12311111Ιί111
391 2922 418 2975 V
487 2926 537 2974 132
553 2927 617 2989 posi
637 2924 688 2973 128
703 2920 788 2988 posui
823 2917 951 2986 Paupera
968 2918 1030 2972 BV
1070 2933 1154 2986 quem

190 2993 218 3047 B
237 3010 290 3061 que
314 2993 342 3048 V
382 2993 494 3061 Pauper
513 2994 598 3060 eique
617 2993 644 3046 L
666 2990 776 3058 Pauper
795 3006 848 3058 ego
866 2989 969 3058 Hapeu
1012 2989 1093 3059 nam]
1110 2991 1153 3042 te-

190 3080 255 3117 men
273 3064 360 3119 Moue
445 3068 497 3118 129
516 3063 649 3117 oberrans
667 3063 726 3116 LV
765 3077 874 3127 aegane
891 3061 951 3114 BL
1038 3065 1089 3114 130
1107 3076 1154 3113 ex·

191 3134 294 3189 soluire
313 3136 342 3190 B
397 3140 447 3188 131
467 3133 572 3188 uellere
591 3135 675 3188 Moue
738 3132 779 3186 De
797 3131 859 3201 igni
876 3132 903 3184 L
977 3136 1028 3184 133
1047 3131 1155 3184 Durum

191 3205 218 3259 L
254 3205 324 3259 mihi
343 3208 387 3260 est
406 3207 433 3260 V
466 3204 607 3273 germinat
626 3206 652 3259 L
708 3209 759 3258 134
775 3203 901 3258 Verbera
915 3205 943 3257 B
979 3201 1081 3256 uiseire
1095 3203 1123 3256 B

191 3281 243 3329 135
262 3276 292 3332 P.
312 3295 348 3333 111.
369 3278 396 3331 V
442 3277 592 3346 figurasL
678 3280 730 3329 133
749 3290 772 3328 e.
792 3293 818 3329 u.
839 3275 866 3330 V
950 3279 1002 3327 144
1021 3281 1084 3329 aute
1104 3278 1154 3327 139

186 3350 271 3417 posui
306 3351 458 3417 postquam
473 3350 539 3402 lieri
557 3350 701 3417 (perquem
718 3346 828 3417 Hapeu)
864 3346 910 3400 Me
929 3364 956 3415 p.
973 3363 1011 3399 m.
1025 3362 1106 3414 reges
1122 3376 1154 3384 -

190 3421 338 3472 murentur
361 3420 388 3473 V
431 3418 492 3472 uiso
512 3420 539 3472 B
626 3423 676 3470 139
695 3418 819 3482 Lugrum
838 3418 866 3470 B
910 3418 973 3471 uita
991 3417 1050 3471 LV
1065 3415 1156 3469 uitam

189 3489 219 3542 B
254 3505 352 3543 manea
371 3490 398 3542 L
434 3492 495 3544 toto
514 3490 540 3543 L
558 3491 621 3542 1010
645 3490 671 3542 V
740 3494 790 3540 141
810 3491 892 3542 tensa
910 3488 985 3557 BV]
1004 3486 1119 3541 falaaL

192 3564 243 3612 142
263 3558 289 3612 si
306 3559 408 3631 Hapeu
445 3561 502 3614 dee.
523 3578 544 3613 s.
564 3577 599 3613 m.
619 3560 645 3613 V
697 3565 748 3612 143
768 3560 908 3627 Portoque
927 3557 1019 3613 millia
1038 3559 1065 3613 V
