2670 3920
200 201 265 268 166
486 254 491 263 ,
600 203 768 259 OARMINA

93 399 207 489 [xri]
649 402 712 468 199

143 526 170 565 1³·
184 525 257 565 r-
583 524 777 592 unsrun

146 578 173 618 B.
186 579 221 621 IV
230 581 276 620 326.

282 660 456 718 Iudicium
479 661 553 717 coci
574 663 611 716 ot
632 660 768 730 pistoris
784 624 903 717 ⁸iudico
926 660 1082 719 Vulcano

197 780 256 857 Ter
279 788 392 862 ternae,
415 781 511 840 varias
534 780 620 841 docte
646 799 720 860 quae
744 780 862 842 traditis
885 787 973 862 artes,

196 869 338 949 Linquite
352 869 477 939 „Pierios
500 868 591 930 colles
613 877 644 931 et
667 868 790 930 scribite
814 887 942 930 mecum.

196 957 249 1018 llle
273 977 327 1038 ego
351 957 446 1037 Vespa
469 976 586 1039 precor,
610 960 660 1018 cui
683 957 767 1018 dirae
791 976 880 1037 saepe
904 956 1029 1020 dedistis

196 1047 254 1108 Per
277 1046 386 1108 multas
409 1046 501 1107 urbes
524 1046 633 1127 populo
657 1054 811 1126 spectante
834 1047 974 1108 favorem.

197 1135 337 1197 Scribere
360 1137 456 1196 maius
479 1154 555 1215 opus
579 1145 608 1196 et
631 1135 729 1196 dulcia
752 1137 884 1197 carmina
908 1155 1029 1218 quaero,
1201 1150 1217 1198 o

196 1225 259 1288 Nec
282 1224 341 1285 mel
363 1226 422 1287 erit
444 1223 555 1286 solum:
579 1224 689 1304 aliquid
713 1243 832 1304 quoque
855 1227 931 1286 iuris
955 1224 1083 1286 babebit.

242 1314 401 1376 Contendit
422 1316 527 1396 pistor,
551 1331 642 1374 cocus
665 1321 712 1375 est
734 1316 904 1375 contrarius
928 1312 979 1397 illi,
1118 1342 1150 1396 p.
1161 1330 1218 1381 105

196 1403 251 1464 His
274 1411 321 1465 est
342 1402 500 1481 Vulcanus·
514 1402 613 1484 iudex,
637 1404 690 1482 qui
713 1405 795 1463 norit
819 1412 973 1482 utrosque.

196 1493 241 1554 Ad
265 1508 384 1553 causam
407 1494 503 1572 pistor
526 1492 663 1571 procedit
685 1495 802 1572 primus
825 1492 978 1574 agendam,

197 1581 342 1643 Canitiem
366 1582 457 1660 capiti
480 1588 542 1641 toto
566 1580 728 1660 praebente
751 1581 859 1643 farina:
1184 1593 1217 1643 10

242 1665 381 1731 ‘Numina
404 1688 458 1749 per
482 1667 601 1731 Cereris
624 1671 700 1751 iuro,
723 1688 778 1749 per
800 1668 944 1750 Apollinis
967 1667 1071 1730 arousl

160 1752 165 1761 ’
196 1759 289 1820 Miror
313 1759 394 1819 enim
418 1751 551 1842 (fateor),
575 1767 605 1819 et
628 1761 687 1819 iam
710 1761 757 1819 rix
782 1759 905 1820 credere
928 1777 1060 1840 possum,

197 1847 283 1919 Quod
306 1865 397 1908 cocus
420 1849 477 1907 iste
501 1846 574 1907 mibi
598 1850 636 1908 sit
660 1848 841 1928 respondere
864 1856 996 1929 paratus,

198 1935 308 2007 Quisve
332 1937 372 1997 sit
395 1934 506 2017 utilior,
529 1936 618 1997 audet
642 1936 823 1998 contendere
847 1955 974 2018 mecum,
1184 1948 1216 1997 15

196 2025 239 2086 De
264 2026 351 2085 cuius
374 2024 510 2085 manibus
535 2043 652 2105 semper
676 2025 710 2087 fit
732 2045 808 2105 pane
832 2024 965 2088 satullus
1185 2037 1219 2086 14

198 2114 275 2175 Sunt
297 2120 391 2175 testes
415 2115 483 2175 anni
508 2113 622 2175 faustae
645 2113 768 2194 Ianique
791 2114 943 2195 kalendae,
1184 2127 1217 2177 16

196 2202 314 2283 Quique
337 2221 437 2264 meum
461 2204 594 2264 studium
617 2222 672 2283 per
695 2204 863 2266 Saturnalia
886 2212 1011 2285 norunt3

196 2291 331 2363 Quorum
354 2290 457 2371 epulas
481 2310 599 2372 semper
622 2311 724 2354 rerum
747 2293 921 2354 commendo
945 2301 1059 2374 paratu.

198 2380 246 2441 Sis
270 2399 392 2462 memor,
415 2401 433 2441 o
458 2381 595 2463 Saturne,
618 2384 678 2442 tuis
702 2382 781 2462 quod
805 2390 924 2463 praesto
948 2382 1062 2464 diebus,

195 2468 234 2531 Et
256 2489 304 2531 me
326 2488 398 2550 prae
422 2470 522 2531 studio
545 2470 696 2550 trepidum
720 2480 753 2532 tu
776 2473 898 2532 numine
922 2471 1015 2532 firma.
1178 2482 1214 2532 20

267 2676 334 2732 1911.
348 2676 413 2730 XVI
427 2677 527 2732 addicti
561 2675 619 2730 lnoi
639 2676 664 2730 it
677 2678 738 2746 (om.
753 2678 791 2746 A)
805 2675 912 2733 iudicio
928 2675 987 2731 coci
1002 2678 1031 2731 et
1044 2674 1159 2745 pistoris

195 2764 282 2816 uespe
301 2747 394 2802 iudice
412 2746 512 2817 (iudici
525 2747 564 2818 A)
582 2695 707 2816 eubano
722 2748 783 2815 AB
838 2754 852 2802 1
873 2746 1012 2801 Temenae
1030 2748 1058 2802 Β
1078 2746 1160 2801 docte

193 2821 296 2888 scrapso'
309 2819 411 2872 cuncta
425 2820 555 2885 (cunetae
570 2822 598 2886 a)
613 2820 641 2872 A
655 2822 755 2873 cuncte
769 2837 796 2888 q3
810 2818 931 2873 tradidit
945 2819 973 2873 B
1008 2823 1025 2873 2
1040 2817 1160 2888 piieros

197 2890 225 2944 n
275 2894 346 2942 acu
359 2892 387 2943 A
423 2888 529 2943 neusa
542 2889 571 2943 n
617 2889 792 2961 cuurganus
806 2890 868 2945 An
914 2895 947 2945 10
966 2889 1022 2944 toti
1039 2872 1124 2961 mico

196 2966 229 3013 11
258 2958 410 3028 partereris
432 2962 461 3016 Β
519 2960 654 3030 apullinis
681 2961 726 3029 A,
752 2978 822 3017 corr.
846 2980 865 3017 a
918 2977 986 3016 arcu
1008 2961 1036 3015 Β
1065 2977 1161 3015 eroum

195 3032 327 3086 Pithoeus
413 3036 445 3084 12
464 3031 559 3085 Moror
577 3033 605 3086 Β
678 3037 758 3102 12⁸4.
781 3049 897 3102 possum
914 3062 952 3074 -
973 3033 1091 3102 perotus
1108 3049 1160 3088 om.

195 3104 223 3157 Β
258 3104 388 3172 paEatus
406 3119 441 3158 m.
459 3120 509 3158 sec.
528 3105 561 3157 ic
580 3105 608 3158 Β
677 3107 934 3160 15.1tcenaora'u
951 3103 1161 3159 1111111111.

193 3179 274 3244 1872,
288 3177 322 3226 86
378 3178 413 3227 14
431 3173 469 3228 sit
486 3173 569 3243 ponis
589 3177 634 3243 (ex
651 3173 698 3239 -itt
713 3175 741 3228 Β
760 3178 807 3228 sat
824 3175 888 3244 (sad
901 3175 952 3244 11¹)
972 3174 1047 3228 ullus
1066 3175 1095 3229 A
1112 3175 1163 3228 aut

194 3245 269 3299 ullus
292 3245 320 3299 Β
355 3261 429 3314 pone
453 3244 572 3300 satullus
598 3244 669 3300 ‘oona
691 3246 771 3300 Brod
796 3247 934 3317 peedttipt’
959 3247 1109 3301 Buecheler
1130 3248 1162 3300 a'n

199 3317 356 3384 Woelfflhtc'
369 3316 480 3373 Archile.
499 3318 521 3371 I
536 3321 588 3370 103
607 3317 653 3384 tcf.
672 3334 699 3370 u.
714 3318 759 3384 44)
783 3317 902 3372 adustus
921 3319 987 3372 olim
1003 3318 1107 3372 conieci
1125 3316 1162 3370 ad

194 3404 261 3439 usus
279 3387 421 3443 Baehrens
480 3392 513 3441 15
533 3385 623 3452 Quina
642 3388 670 3442 B
706 3402 799 3440 meum
818 3389 846 3442 Β
906 3394 939 3442 16
958 3387 1084 3460 faustpq3
1103 3387 1162 3442 iani

194 3456 223 3510 A
246 3456 340 3526 fauste
362 3457 477 3525 iamque
498 3456 620 3511 kalendo
643 3459 671 3512 Β
751 3461 784 3510 18
808 3460 953 3513 commodo
976 3460 1004 3513 B
1028 3458 1162 3513 comendo

194 3529 297 3595 parato
316 3528 344 3580 A
417 3534 450 3581 19
470 3531 587 3581 saturno
604 3528 640 3587 A,
666 3545 734 3583 corr.
754 3527 793 3580 A¹
813 3529 938 3583 saturnio
956 3529 985 3583 B
1058 3535 1092 3584 20
1110 3545 1162 3600 pro

195 3596 289 3651 studio
308 3599 451 3653 Baehrens
486 3603 536 3652 tuo
554 3599 583 3651 Β
619 3597 731 3652 nomine
750 3598 778 3651 A
795 3599 919 3655 munima
938 3602 966 3654 Β
