2642 3922
198 220 239 285 76
596 222 764 278 CARMINA

264 390 321 448 Aut
346 386 425 449 videt
447 397 500 449 aut
522 389 632 451 vidisse
656 402 750 474 putat,
773 402 970 473 metuensque
994 394 1099 473 pericii
1181 408 1235 459 370

264 475 371 554 [ncipit
394 477 487 550 otiari,
510 496 567 540 neo
591 498 644 541 vox
669 492 721 543 aut
744 482 835 543 verba
858 491 1034 562 sequuntur.

265 562 356 645 idque
380 566 483 627 audire
508 577 555 629 sat
578 578 632 649 est,
656 589 715 650 quo
738 591 785 632 me
809 572 897 633 decet
921 590 1015 651 usque
1039 575 1144 633 teneri.

264 652 365 715 Vadite
390 664 420 716 et
444 655 515 718 haee
539 662 604 737 regi
627 678 775 721 memores
800 660 934 721 mandata
958 661 1077 722 referte.

549 829 671 888 Nutrix.
707 831 812 888 idedeu

197 946 238 1004 17.
264 941 326 1003 1103
351 942 447 1005 habet.
490 943 563 1004 haee
587 945 692 1006 melior
714 948 829 1025 magnis
853 945 920 1007 data
939 947 1058 1006 victima
1078 946 1162 1006 divis.

264 1030 345 1093 'iulia
370 1033 507 1111 coniugia
532 1043 562 1093 et
585 1033 652 1094 talis
676 1035 829 1096 celebrent
851 1033 1044 1116 hymenaeos!
1183 1049 1235 1099 373

197 1125 241 1183 Μ.
265 1119 310 1181 'iu
334 1128 449 1182 secreta
473 1139 576 1201 pyram
600 1131 738 1184 natorum
763 1127 887 1199 maxima
911 1126 1013 1185 nutrix
1220 1126 1224 1136 '

266 1208 365 1292 Erige,
382 1207 393 1289 li
411 1218 504 1290 tuque
527 1213 590 1291 ipsa
614 1214 663 1291 pia
688 1225 753 1292 tege
777 1223 911 1292 tempora
934 1215 1016 1292 vitta,

267 1296 475 1379 verbenasque
500 1300 583 1361 adole
607 1303 726 1380 pinguis
750 1304 928 1382 nigrumque
952 1302 1096 1362 bitumen.

266 1386 356 1449 Sacra
378 1390 440 1450 lovi
464 1388 576 1470 Stygio,
599 1408 674 1468 quae
698 1392 755 1451 rite
778 1395 897 1470 incepta
921 1394 1030 1470 paravi,

265 1476 414 1539 Periicere
438 1488 484 1539 est
507 1482 624 1539 animus
647 1480 796 1558 finemque
820 1482 964 1560 inponere
988 1481 1078 1540 euris.
1184 1492 1236 1542 330

199 1570 240 1629 N.
264 1565 436 1629 Discessere
460 1587 563 1629 omnes
586 1568 676 1629 medii
701 1572 890 1649 spatiumque
913 1568 1031 1630 dedere.

417 1738 531 1796 Medae.
568 1739 652 1797 Filii.
690 1740 802 1797 Vmbro
819 1741 946 1809 Apsyrti

199 1856 245 1915 Μ.
268 1851 332 1913 Heu
357 1855 481 1933 stirpem
505 1855 629 1914 invisam
648 1863 684 1913 et
708 1854 775 1914 iatis
798 1856 947 1915 contraria
971 1851 1098 1914 uostris!

266 1940 331 2003 Huo
355 1943 435 2025 ades,
458 1962 476 2003 o
500 1944 629 2003 formose
652 1961 736 2022 puer.
774 1946 826 2023 qui
849 1946 973 2022 spiritus
997 1941 1052 2003 iiiii

267 2031 316 2091 Sic
340 2032 452 2113 oculos,
475 2035 518 2092 sic
541 2032 591 2091 ille
616 2050 729 2113 manus,
753 2035 795 2093 sie
820 2051 871 2093 ora
896 2030 1022 2093 ferebat!

266 2120 402 2182 Perfidus
426 2131 455 2182 et
479 2139 620 2200 cuperem
643 2123 708 2201 ipse
731 2140 839 2201 pareus
864 2129 1014 2200 spectator
1038 2121 1164 2182 adesset.
1183 2133 1238 2183 336

199 2214 263 2273 311.
278 2209 370 2271 Paree
389 2212 453 2290 pias
472 2210 618 2271 scelerare
639 2209 756 2272 manus!
775 2220 827 2271 aut
846 2229 904 2289 quo
924 2210 1093 2287 tibinostri
1141 2238 1172 2290 p.
1183 2227 1218 2277 41

268 2299 375 2360 Pulsus
399 2297 503 2361 amor?
520 2297 531 2379 11
549 2301 575 2360 si
597 2301 672 2360 iuris
697 2303 824 2360 materni
847 2318 917 2360 eura
942 2299 1101 2379 remordet,

267 2388 349 2449 Natis
373 2408 461 2469 parce
485 2392 545 2450 tuis
569 2397 599 2449 et
622 2407 677 2449 nos
701 2407 772 2468 rape
795 2391 827 2449 in
850 2392 947 2450 omnia
971 2397 1085 2469 tecum3

267 2477 331 2548 Quo
347 2497 396 2539 res
411 2497 539 2559 eumque
554 2477 673 2560 eadunt,
687 2496 779 2538 uuum
795 2488 825 2538 et
839 2496 995 2538 commuue
1011 2476 1164 2556 periclum.

202 2564 366 2645 [Vmbra]
383 2570 488 2647 Aspice
503 2585 566 2629 nos.
595 2568 699 2628 adsum
715 2567 847 2627 dirarum
867 2566 903 2626 ab
923 2567 993 2627 sede
1013 2583 1164 2628 sororum:
1183 2576 1238 2629 330

267 2657 371 2717 Infelix
396 2657 596 2734 simulacrum,
613 2655 625 2733 ΙΙ
643 2655 783 2716 laniatum
808 2674 934 2734 corpore
958 2663 1030 2716 toto.

272 2850 324 2899 370
343 2844 452 2914 parasii
472 2845 500 2898 A
571 2849 623 2897 373
643 2842 720 2899 derit
737 2846 765 2899 A
837 2849 889 2898 373
909 2844 1007 2914 regina
1028 2860 1164 2898 memores

200 2916 229 2970 A
246 2931 384 2969 memores
402 2913 463 2984 regi
482 2915 551 2970 Aen.
571 2916 622 2969 XI
633 2920 684 2969 176
738 2920 791 2969 376
809 2915 954 2970 himeneos
973 2916 1000 2970 A
1051 2920 1102 2969 376
1122 2932 1165 2970 se·

200 2988 307 3040 cretam
330 2985 421 3055 piram
445 2988 473 3040 A
517 2985 608 3040 nutris
628 2988 655 3042 A
735 2992 787 3040 377
804 3014 836 3031 =
851 2989 920 3041 Aere.
940 2988 1048 3040 711433
1067 2994 1092 3041 et
1111 2991 1163 3040 637

199 3056 257 3111 iam
275 3059 363 3125 tuque
384 3056 550 3128 Oudendorp
598 3057 673 3128 tegit
690 3059 717 3112 A
767 3058 829 3111 uita
847 3058 874 3112 A
960 3063 1013 3111 373
1034 3056 1118 3112 adole
1136 3059 1165 3111 A

199 3128 340 3197 nicrumq3
359 3128 487 3182 uiiumen
505 3129 533 3182 A
606 3133 657 3183 373
676 3128 737 3184 1031
755 3128 841 3198 stigio
855 3130 883 3182 A
956 3134 1008 3182 330
1027 3126 1120 3183 enim·
1137 3129 1165 3183 A

200 3199 342 3254 absirtiA
398 3204 450 3254 333
468 3202 508 3272 et]
528 3200 642 3255 e·etA
679 3199 827 3254 contrariis
842 3202 870 3254 A
920 3205 972 3254 336
987 3200 1129 3255 adesseA

200 3276 252 3327 336
271 3270 320 3341 pio
339 3272 477 3326 scelerare
492 3274 527 3329 A.
546 3289 614 3328 3033.
635 3271 673 3325 A'
713 3271 762 3338 qui
780 3272 808 3325 A
826 3287 882 3339 quo
903 3272 999 3343 Georp.
1014 3272 1064 3326 IV
1075 3276 1128 3324 334

200 3349 252 3398 337
274 3369 308 3390 =
329 3344 426 3414 Georp.
445 3344 495 3397 IV
516 3348 568 3396 336
600 3349 625 3397 et
652 3343 720 3397 Aeo.
741 3343 804 3397 VII
823 3347 875 3395 403
925 3342 1061 3399 remordit
1087 3343 1116 3396 A

200 3419 253 3468 333
267 3414 362 3483 gnatis
377 3415 445 3469 Aen.
457 3416 489 3469 X
497 3419 548 3467 633
585 3430 673 3485 perge
692 3413 749 3467 tuis
768 3430 786 3466 a
797 3444 803 3456 ·
813 3415 846 3467 ut
862 3414 889 3467 A
908 3416 938 3467 33
952 3414 1020 3468 Aeo.
1031 3416 1128 3468 11676

200 3490 252 3538 339
272 3486 376 3539 radent
393 3486 462 3540 Aen.
484 3488 584 3539 11703
622 3491 651 3538 33
670 3500 814 3539 eommoue
833 3487 861 3539 A
918 3489 970 3538 330
988 3484 1096 3538 Vmbro
1114 3486 1163 3540 ad·

200 3557 262 3610 didi
334 3561 435 3609 331--
450 3558 519 3612 Aen.
534 3559 573 3610 II
584 3561 635 3609 773
654 3563 680 3611 et
702 3556 748 3610 VI
760 3560 812 3609 434
849 3555 927 3608 labia
947 3571 1062 3625 corpore
1081 3557 1163 3610 33030

200 3627 237 3695 A,
255 3642 323 3681 3033.
343 3629 440 3682 Βο303.
