2654 3926
199 175 265 240 258
601 173 767 229 CARMINA

266 342 306 401 Es
329 343 445 402 meritis
468 344 563 422 inpar,
586 344 706 420 virtute,
729 350 824 403 aetate
849 341 985 403 relictus:

310 430 389 491 llaec
413 449 480 491 oum
505 431 634 491 habeant
657 432 714 507 alii,
738 433 862 491 crimina
887 450 955 491 vore
978 440 1075 511 putas.

266 519 334 579 Solo
357 530 456 581 lamen
480 520 561 580 lelsis
585 528 687 598 surgat
711 519 765 580 ubi
788 539 884 599 poena
907 519 1052 601 loquellis,

309 608 347 669 Vt
369 610 466 670 vietus
490 627 608 688 semper
631 608 674 669 nil
697 611 755 669 uisi
778 611 891 669 crimen
916 627 991 688 agas.

648 802 711 866 307

345 916 388 971 In
410 918 603 986 podagrum
625 917 797 972 venationi
820 917 1015 973 studentem

331 1037 426 1113 Apros
450 1042 481 1095 et
503 1052 625 1113 capreas
649 1035 788 1115 levesque
813 1054 916 1096 cervos

332 1124 477 1184 lnourvus
501 1124 613 1202 rapidis
636 1127 721 1201 equis
746 1124 855 1202 irrigat.

330 1213 458 1273 Tantum
483 1231 539 1273 nec
563 1215 700 1292 sequitur
723 1215 862 1293 cepitque
887 1216 1054 1293 quicquam.

330 1301 404 1361 Esse
428 1303 508 1362 inter
531 1304 654 1361 iuvenes
678 1304 770 1383 eupit,
793 1305 894 1363 vocari

330 1389 458 1469 Bsudus,
482 1391 553 1450 dum
578 1392 687 1450 misero
711 1400 808 1467 gemet
832 1391 933 1451 dolore

330 1479 369 1540 Et
393 1479 433 1539 nil
456 1479 632 1558 praevaleat.
675 1479 746 1559 quid
770 1498 841 1558 ergo
865 1476 979 1559 gestit?

329 1567 406 1628 Mori
430 1571 586 1648 praecipiti
609 1569 682 1629 fruit
705 1568 826 1647 caballo,

330 1657 404 1718 Cum
428 1658 504 1719 lecto
529 1658 635 1718 melius
658 1660 758 1736 perire
782 1660 883 1736 possit.

644 1849 709 1914 308

226 1966 268 2021 In
291 1965 593 2034 suprascriptum,
617 1966 713 2034 quod
735 1964 845 2020 multo
868 1965 980 2020 soorte
1002 1964 1126 2021 habuit

502 2057 537 2109 et
560 2068 617 2109 ees
640 2054 855 2109 eustodisbat

261 2172 329 2232 Zelo
356 2171 475 2250 [agiles]
501 2172 612 2253 plures,
636 2172 791 2252 lneurvus,
816 2173 903 2232 clune
927 2172 1049 2252 puellas,

306 2262 364 2322 Sed
389 2262 468 2323 nulls
493 2269 547 2342 est,
572 2280 646 2341 quae
671 2272 700 2321 to
724 2264 834 2322 sentiit
857 2280 922 2321 esse
946 2264 1050 2322 virum.

261 2350 399 2411 Custodis
424 2350 547 2430 clauses,
571 2362 720 2430 tamquam
745 2352 786 2410 sis
810 2349 948 2410 omuibus
973 2361 1073 2431 aplus3

305 2439 359 2499 Est
383 2448 480 2500 tamen
505 2442 642 2500 internus
665 2439 800 2518 luppiter
824 2457 859 2498 ex
883 2439 1009 2500 ferrulis.
1119 2468 1150 2521 p,
1158 2457 1213 2508 1⁶5

261 2527 293 2588 Si
317 2528 391 2588 nihil
414 2547 485 2607 ergo
509 2528 596 2608 voles,
620 2525 741 2608 †veouo
767 2547 821 2588 aur
845 2531 950 2606 arrigis
974 2525 1058 2608 †oge
1196 2542 1213 2591 ὅ

304 2617 343 2677 Et
367 2619 439 2677 lasis
463 2620 586 2696 ignavus
611 2620 719 2677 mentis
742 2614 944 2677 adulterium?

263 2788 331 2842 307.
350 2788 382 2841 in
400 2790 550 2857 potagrum
570 2788 721 2843 uenatione
741 2787 872 2855 studente
886 2787 915 2842 A
952 2787 1088 2856 llebesq3
1104 2789 1133 2843 A

192 2864 207 2911 2
227 2859 337 2927 Ineurb3
357 2860 384 2914 A
403 2862 579 2929 (rf.308,1):
599 2877 697 2915 nornen
714 2867 753 2915 est
770 2861 909 2914 ludicrum
999 2865 1015 2911 3
1034 2859 1158 2913 Tantam

192 2930 220 2983 A
275 2930 420 2984 ruaudus
438 2932 457 2985 i.
473 2948 493 2985 e.
509 2934 614 2999 audace,
633 2933 715 2999 fortis
729 2933 892 3001 (permanire
905 2929 985 3000 bold)
1040 2936 1158 2999 iprae·

192 3000 290 3054 ualent
303 3002 487 3057 Burmannus
500 3002 650 3070 proueleat
660 3003 689 3056 A
735 3007 749 3054 i
764 3001 904 3073 precepiti
913 3002 941 3055 A
987 3006 1003 3054 8
1017 3004 1116 3071 posset
1129 3002 1158 3056 A

263 3072 331 3127 308.
364 3073 397 3125 In
429 3080 456 3126 {s‘
487 3073 672 3141 (sacerdotem
700 3073 899 3142 Bnrnrannus,·
931 3075 1047 3142 correxi)
1081 3074 1157 3142 quod

191 3143 295 3197 multas
321 3146 426 3198 soorlos
447 3188 452 3199 .
470 3185 497 3198 ..
523 3143 703 3198 custodiebat
726 3147 762 3197 A.
800 3144 878 3199 Num
900 3146 1006 3196 multas
1031 3147 1157 3198 scorias?

191 3217 225 3282 ef.
252 3216 405 3283 Woelfflini
422 3216 534 3270 Archiv.
553 3217 594 3270 Π
604 3220 654 3268 572
674 3217 816 3285 (111166)
908 3220 922 3267 1
942 3214 1037 3283 agitas
1056 3217 1158 3271 addidi

191 3286 343 3355 Zelotypus
358 3304 376 3340 n
395 3285 500 3340 Zelsris
514 3286 655 3342 Baehrens
691 3286 824 3340 ineurbas
839 3288 876 3354 A,
892 3288 1001 3341 correxi
1014 3304 1049 3341 rra
1063 3291 1124 3356 307,
1140 3291 1157 3340 2

190 3355 276 3423 piune
295 3357 323 3410 A
392 3355 556 3411 {icosiodis
575 3358 603 3412 A
639 3361 738 3427 partus
757 3358 793 3424 A,
813 3374 882 3412 eorr.
902 3376 920 3412 n
986 3359 1157 3412 5uuoqu

192 3441 241 3477 -ua
255 3428 330 3495 nulp.
350 3443 426 3480 uana
440 3429 474 3483 L.
490 3427 611 3482 Mueller
624 3445 729 3482 uanum
741 3427 889 3497 -inguen
899 3429 1041 3484 Baehrens
1059 3445 1113 3497 oge
1127 3429 1156 3482 A

191 3511 259 3562 orge
278 3497 413 3551 Heinsius
432 3501 492 3552 arte
517 3500 666 3554 Burnraun
684 3500 768 3553 orche
787 3498 884 3569 (ὄρχις)
904 3502 969 3555 olim
987 3502 1101 3570 scripsi,
1119 3501 1155 3567 ef.

192 3565 337 3620 Martialis
356 3567 388 3619 X
400 3572 473 3634 91‚1
530 3574 546 3621 6
565 3569 680 3638 ignarus
699 3570 737 3638 A,
755 3587 823 3626 eurr.
844 3571 963 3626 Mueller
