2654 3926
202 180 268 245 256
599 176 767 232 CARMINA

198 348 316 427 Palpita
339 346 527 426 templorum,
551 364 589 406 ne
612 345 726 424 pulpita
752 363 861 424 qaaere
885 343 1037 425 tabernae,

243 436 369 498 Numina
394 454 453 516 qao
476 434 561 516 caeli,
584 452 642 495 non
668 433 749 494 llalas
773 434 895 495 reseras.

580 676 582 680 ·
651 644 716 709 304

235 766 284 820 De
306 766 402 819 turre
425 762 461 817 in
482 760 653 816 viridiario
676 760 797 830 posita,
819 759 881 815 ubi
904 773 940 815 se
963 759 1137 816 Bridamal

466 864 590 919 aprum
611 849 723 917 pinxit
746 848 900 905 assidere
1126 858 1223 923 p.163

200 971 323 1033 Extollit
347 969 441 1031 celsas
463 968 623 1029 nemoralis
646 968 745 1028 Aricia
769 968 864 1048 sedes,

247 1060 362 1121 Sternit
386 1058 438 1118 ubi
461 1055 585 1118 famulas
609 1065 689 1130 easta
712 1057 803 1118 Diana
827 1057 921 1137 leras;

202 1150 365 1211 Frondosis
388 1147 501 1225 Tempe
525 1149 688 1225 cinguntur
711 1145 853 1206 Thessala
876 1146 959 1206 silvis

246 1239 431 1316 Pinguiaque
454 1234 582 1296 Nemeae
606 1235 700 1295 lustra
722 1234 894 1297 Molorchus
918 1234 1020 1315 haben

201 1328 282 1389 llaec
307 1345 376 1387 vero
401 1324 549 1386 aetherias
573 1325 634 1384 exit
657 1343 733 1402 quae
756 1326 850 1385 turris
874 1327 905 1385 in
929 1342 1026 1405 auras,
1207 1335 1223 1383 5

248 1417 429 1478 Consessum
453 1414 573 1474 domino
598 1412 737 1474 deliciosa
761 1431 878 1493 parans,

203 1505 349 1567 Omnibus
372 1507 403 1564 in
427 1504 558 1564 medinm
582 1502 674 1562 locris
698 1511 801 1563 ornata
828 1502 956 1583 refulget

249 1594 446 1671 Obtinuitqae
470 1611 530 1653 uno
554 1594 686 1670 praemia
710 1600 817 1653 cunata
839 1592 914 1653 loco.

203 1683 280 1744 llina
304 1701 419 1760 nemus,
442 1681 511 1741 hinc
535 1681 633 1741 fontes
657 1689 809 1742 exstructa
832 1680 942 1742 cubilia
966 1682 1089 1758 cingant

249 1771 373 1851 Statque
396 1770 478 1830 velut
501 1772 631 1849 propriis
655 1772 719 1848 ipsa
742 1769 832 1831 Diana
857 1773 944 1849 iugis.
1193 1782 1225 1830 ιο

205 1862 310 1923 Clausa
334 1859 441 1920 sedin
466 1866 548 1919 tanto
572 1877 639 1919 curn
665 1860 704 1919 sit
727 1859 885 1937 splendore
908 1859 1044 1936 voluptas

249 1949 372 2010 Artibus
396 1966 430 2008 aa
454 1949 544 2008 variis
568 1949 642 2007 atria
665 1947 768 2027 pulcra
791 1950 912 2030 micent,

204 2038 383 2101 Admiranda
407 2045 475 2097 tuae
499 2048 598 2097 tamen
622 2044 668 2096 est
692 2039 810 2097 virtutis
834 2039 938 2116 imago,

249 2126 405 2208 Fridamal,
429 2134 459 2187 et
482 2133 591 2186 stratae
615 2125 709 2204 gloria
732 2144 838 2205 magna
861 2127 950 2186 ferae.
1020 2144 1023 2149 ¹

205 2217 264 2289 Qui
287 2216 390 2277 solitae
414 2215 580 2276 accendens
604 2224 734 2275 mentem
759 2217 878 2276 virtutis
901 2232 1002 2275 amore
1194 2224 1225 2274 15

250 2307 366 2386 Aptasti
389 2304 478 2383 digno
502 2306 624 2384 pingere
649 2305 725 2364 lacta
748 2303 831 2366 loeo:

205 2395 261 2456 Hic
285 2396 451 2473 spumantis
475 2396 540 2473 apri
563 2392 658 2454 iaculo
683 2401 751 2470 post
774 2405 857 2470 terga
880 2399 995 2453 retorto

250 2484 393 2545 Frontem
416 2492 447 2543 et
469 2501 538 2543 oum
562 2484 689 2559 geminis
713 2481 836 2543 naribus
860 2500 912 2542 ora
936 2483 1016 2542 ieris.

279 2661 295 2708 3
318 2652 487 2722 Parpita-
504 2651 616 2721 palpitat
636 2652 662 2703 V
731 2651 881 2706 4Almina
904 2653 945 2721 A,
968 2670 1018 2707 orn.
1038 2653 1099 2707 BV
1114 2651 1172 2705 Nu-

207 2725 513 2790 minaSalmosinslef.
528 2729 624 2791 314,7.
644 2728 704 2791 369,
720 2726 747 2792 7)
783 2740 838 2791 qao
853 2725 914 2778 AB
932 2724 1009 2791 quod
1028 2725 1055 2778 V
1087 2723 1172 2794 eseli]

290 2796 389 2849 laudes
418 2795 478 2848 BV
506 2794 644 2864 laudes(
634 2798 695 2864 (oreo
720 2793 807 2862 caeli)
831 2797 859 2849 A
886 2794 963 2848 Almi
990 2812 1045 2863 quo
1073 2795 1173 2848 laudes

207 2796 372 2925 Slllrinbertns
390 2864 512 2933 Agmina
530 2881 586 2933 quo
601 2864 673 2919 caeli
687 2867 829 2922 Baehrens
864 2872 883 2919 1'1
902 2882 975 2934 quae
991 2868 1016 2918 V
1050 2865 1130 2919 fialas
1145 2866 1174 2920 A

207 2940 271 2992 filas
290 2938 350 2993 BV
383 2937 488 2990 referas
507 2937 535 2990 B
554 2953 609 2989 -res
631 2938 654 2990 V
671 2953 780 2990 reseras
799 2939 827 2991 A

280 3008 348 3064 sol.
366 3006 502 3061 uiridario
521 3009 580 3062 edel.
596 3008 666 3069 abra
679 3009 707 3062 A
748 3014 764 3061 2
783 3008 895 3062 fabulas
910 3009 948 3076 A,
962 3025 1030 3063 corr
1046 3028 1065 3061 a
1101 3007 1175 3061 feres

209 3081 237 3135 A
292 3078 475 3133 deinounhur
492 3078 585 3132 hesala
602 3079 631 3133 A
698 3079 855 3147 4Pinquin
873 3079 945 3133 bene
964 3079 1101 3133 notulas·
1116 3080 1176 3132 tra·

209 3170 351 3242 muloreus
369 3185 407 3254 A,
420 3187 528 3241 carreni
545 3184 667 3254 Pinguia.
684 3184 824 3240 Benuenhi
842 3187 977 3242 Heinsius
1036 3191 1052 3240 ὅ
1071 3185 1175 3258 pharias

209 3259 238 3312 A
292 3256 383 3311 ddfio
397 3228 430 3311 A
485 3255 590 3310 lineis
608 3256 646 3325 A,
664 3274 732 3314 corr.
752 3258 893 3313 Baehrens
947 3262 1055 3311 8nouo
1073 3259 1102 3311 A
1120 3274 1177 3311 uno

210 3330 352 3384 Baehrens
406 3330 471 3382 iret
489 3329 597 3381 structa
609 3328 646 3397 A,
665 3330 772 3384 semesi
808 3328 905 3382 ciuilia
918 3329 947 3383 A
1003 3336 1036 3383 10
1054 3327 1177 3399 probriio

211 3435 240 3486 A
294 3401 468 3505 14eet]eA
488 3437 512 3503 (h
529 3435 593 3489 add.
613 3436 845 3517 andetennam
863 3436 994 3504 eeneioh's)
1030 3437 1124 3508 statue
1140 3436 1177 3503 A,
1212 3495 1215 3500 ,

212 3520 281 3557 sorr
300 3522 319 3558 a
381 3509 414 3557 16
434 3503 545 3573 Optasi'
537 3523 548 3557 1
566 3505 696 3577 Meyerns
731 3505 807 3560 facia
825 3507 853 3560 A
914 3513 945 3562 17
964 3506 1017 3560 Hie
1036 3508 1179 3563 Baehrens

211 3572 285 3626 Hine
302 3574 331 3627 A
365 3590 417 3641 pos
436 3576 465 3627 A
499 3578 606 3630 retorta
624 3576 652 3631 A
726 3602 730 3607 v
