2642 3922
459 142 597 197 colticis
617 143 844 199 SALMASIANI.
1092 144 1134 210 99

1075 451 1103 492 Β.
1119 451 1189 493 1166.

628 378 669 442 27

414 532 462 586 Do
485 530 616 600 Progne
640 531 675 585 et
697 529 886 586 Philomela
1056 504 1189 599 13,ῗῆξῇ

168 664 209 726 Ila
234 683 340 727 sensus
363 667 446 748 mihi,
468 665 597 747 Phoebe,
620 685 741 747 precor,
765 685 831 727 nam
856 685 949 746 poena
974 667 1089 746 puellae

168 753 234 815 Non
257 754 348 817 habet
370 755 547 835 exemplum.
593 758 689 817 tristis
713 764 781 834 post
803 757 908 817 lunera
931 756 1049 835 linguae

170 843 297 924 Sanguis
320 846 399 906 inest
422 847 577 926 pingitque
600 862 691 905 cruor
715 854 862 906 tormenta
887 845 1018 924 pudoris.
1110 874 1139 926 p.
1151 862 1189 913 60

628 1126 670 1191 28

563 1265 738 1332 LINDINI

511 1380 785 1475 Ds‘aocaco
844 1481 845 1484 Ἴ

381 1554 476 1616 Vitam
501 1558 599 1615 vivere
623 1557 648 1615 si
672 1557 756 1632 cupis
780 1555 894 1615 beatam

382 1645 420 1705 lit
443 1646 518 1704 votis
544 1643 682 1703 Lachesis
706 1643 788 1703 (labit
812 1654 970 1727 senectam,

382 1737 482 1793 Annos
506 1733 608 1793 ludere
632 1740 661 1792 tc
685 1732 788 1792 decem
812 1733 938 1814 decebit,

382 1821 492 1900 Viginti
516 1822 623 1883 studiis
646 1821 729 1881 dabis
754 1824 875 1903 severis,

382 1911 516 1990 Triginta
540 1920 608 1992 pete
631 1910 727 1971 litium
753 1909 914 1990 tribunal,

382 2001 581 2079 Quadraginta
606 2000 675 2061 stilo
699 2000 788 2078 polita
812 2000 902 2077 dicas,

381 2088 600 2170 Quinquaginta
624 2088 710 2149 velim
736 2089 846 2148 diserta
871 2087 993 2170 scribas,

382 2178 537 2256 Sexaginta
562 2187 613 2239 tuo
637 2180 709 2238 satis
732 2178 851 2257 fruaris,

382 2267 574 2347 Septuaginta
598 2266 671 2326 velis
694 2268 797 2325 uenire
820 2274 956 2344 mortem,

381 2355 538 2434 Octoginta
563 2373 650 2415 sanes
674 2363 775 2415 caveto
799 2354 929 2434 morbos,

380 2445 544 2523 Nonaginta
568 2446 640 2503 time
663 2442 779 2503 labante
804 2461 903 2523 sensu,

381 2534 506 2594 Centum
531 2551 585 2593 nec
609 2551 684 2611 puer
709 2551 786 2592 truus
810 2531 995 2611 adloquetur.

238 2775 287 2832 27.
306 2776 348 2830 De
366 2792 473 2846 progne
492 2778 521 2829 et
539 2775 662 2830 filomela
679 2776 706 2828 A
728 2774 876 2847 ‘integrunt
894 2791 950 2830 non
968 2775 1017 2830 eat'
1038 2774 1129 2846 Meye-

164 2848 407 2989 ppqscmlafoebe
426 2848 456 2902 A
494 2862 568 2915 pena
586 2846 615 2900 A
694 2852 710 2899 3
729 2846 830 2916 pingit.
850 2863 967 2920 qugcror
985 2849 1129 2900 turmenta

236 3025 286 3081 28.
314 3024 429 3079 Lindini
452 3026 487 3079 de
514 3026 590 3096 giale
609 3025 669 3079 Ao
738 3031 752 3078 1
779 3024 802 3077 si
821 3023 917 3079 uiuere
935 3023 994 3080 Au
1008 3024 1097 3079 uisO

165 3097 302 3152 ilacesis
321 3098 349 3152 A
367 3096 484 3151 lacessis
506 3097 529 3151 0
562 3096 644 3149 dabis
663 3095 721 3150 AO
790 3101 806 3148 3
826 3096 922 3150 decem
942 3096 1040 3149 ludere
1058 3097 1087 3148 te
1108 3095 1131 3149 C

165 3169 246 3223 debit
263 3169 291 3224 A
382 3167 547 3238 tVinginti
565 3169 594 3222 A
666 3165 837 3234 5Trigenta
855 3174 880 3222 et
902 3168 943 3221 sic
961 3182 976 3219 e
995 3183 1049 3235 pro
1067 3164 1078 3217 i
1096 3167 1128 3220 in

163 3242 285 3297 nurnerle
302 3241 416 3311 reliquis
440 3242 478 3295 ool
495 3258 523 3295 n.
538 3245 570 3293 11
592 3239 619 3293 A
693 3236 814 3291 ibelim
833 3237 946 3290 deserta
963 3235 992 3291 A
1063 3241 1126 3290 nti

164 3329 214 3368 orn.
236 3311 260 3368 0
307 3316 341 3364 10
361 3327 445 3366 senex
465 3309 583 3366 Oseues
603 3309 631 3364 A
681 3314 714 3362 11
735 3307 849 3361 labente
868 3307 931 3375 AO,
950 3324 1019 3361 corr.
1038 3306 1126 3360 Hein-

163 3386 222 3440 sius
276 3388 310 3436 12
330 3381 490 3451 alloquetur
509 3381 533 3436 0
