2654 3926
413 195 552 253 conteis
573 196 800 252 sanunsmur.
1022 194 1088 260 223

122 363 230 426 Nescio
255 382 328 442 quas
351 366 461 443 passim
485 382 591 442 magno
614 363 650 423 de
674 365 793 424 nomine
816 381 911 442 nugas

70 465 104 516 ιο
123 452 179 514 Est
202 452 342 513 meditata
366 452 430 533 diu3
454 452 505 512 sed
530 451 633 512 frivola
657 452 748 512 multa
773 452 870 513 locuta
893 460 948 514 est.

122 542 185 603 Nec
209 541 359 602 mediocre
382 543 448 621 tuit,
472 542 570 620 magni
593 542 764 601 certaminis
788 543 891 624 instar,

70 648 71 651 ’
123 630 239 691 Ponere
263 631 378 691 diverse
402 630 447 690 vel
470 629 584 691 solvere
609 647 744 709 quaeque
768 631 907 690 vicissim.

124 721 177 781 Ast
200 737 264 799 ego,
288 738 325 780 ne
349 719 430 780 solos
454 719 538 781 foede
562 721 691 779 tacuisse
715 719 841 799 viderer,

123 807 181 879 Qui
205 808 278 869 nihii
302 807 493 869 adtulerim
518 825 644 887 mecum,
668 808 747 886 quod
771 808 870 868 dicere
894 826 1023 888 possem,

68 910 103 959 ιιι
122 896 185 958 Hos
208 915 313 958 versus
337 898 395 958 ieci
418 896 517 957 subito
541 892 607 976 †de
631 899 762 957 carmine
781 899 871 957 vocis.

122 985 246 1046 Insanos
270 987 349 1047 inter
373 1003 477 1045 sanum
501 1002 561 1045 non
585 1003 650 1048 esse
674 1004 797 1047 necesse
822 995 876 1048 eat.

123 1074 164 1135 Da
188 1077 312 1153 veniam,
335 1073 438 1155 lector,
461 1074 540 1152 quod
564 1092 625 1135 uon
649 1077 726 1154 sapit
749 1074 830 1135 ebria
855 1074 946 1136 Musa.

491 1300 507 1365 Ι
532 1301 710 1387 Graphium

122 1428 164 1490 De
188 1448 303 1491 summo
326 1430 441 1511 planus,
466 1429 517 1490 sed
541 1448 600 1491 non
625 1448 680 1509 ego
704 1430 863 1510 planusio
887 1432 946 1504 imo

121 1517 232 1579 Versor
257 1521 407 1599 utrimque
432 1538 530 1579 manu.
572 1519 688 1579 diverso
713 1537 836 1579 munere
860 1520 976 1597 fungor.

64 1621 104 1670 2ο
124 1607 222 1668 Altera
246 1626 316 1688 pars
339 1615 467 1690 revocat,
491 1606 634 1686 quidquid
659 1626 728 1687 pars
751 1605 846 1671 altera
867 1610 946 1669 fecit.

498 1851 531 1917 II
553 1851 709 1918 Harundo

120 1978 222 2042 Dulcis
246 1983 338 2042 amica
362 1981 432 2061 dei,
456 1982 556 2059 ripae
581 1982 699 2043 vicina
722 1981 937 2063 profundae,

121 2068 218 2131 Suare
241 2088 351 2131 canens
374 2068 476 2150 Musis,
500 2071 585 2148 nigro
608 2071 729 2149 pertusa
753 2070 862 2149 colore,

119 2158 231 2218 Nuntia
254 2176 320 2219 sum
344 2158 461 2237 linguae
486 2156 587 2236 digitis
610 2161 725 2236 signata
748 2160 944 2238 magistris.

190 2361 304 2418 RecB
307 2367 370 2417 :14
389 2362 548 2418 adtuleram
620 2369 653 2416 21
673 2362 762 2433 ripae,
781 2379 891 2432 semper
908 2361 1003 2418 uicina
1020 2381 1084 2434 pro·
1108 2334 1112 2342 ,

117 2432 215 2489 fundis
269 2438 304 2488 28
321 2433 453 2503 magistri

190 2601 207 2649 9
225 2610 346 2664 manae
366 2596 401 2677 ρ
406 2593 550 2649 molimine
569 2595 712 2650 Baehrens
793 2599 825 2649 12
845 2593 957 2650 diuersa
975 2596 1002 2665 d
1020 2611 1084 2649 -sae

117 2666 176 2722 neit.
223 2665 327 2736 quique
346 2665 516 2722 meissemd
601 2671 635 2719 13
653 2666 743 2721 Estd
788 2665 873 2721 foeda
893 2669 909 2736 β
927 2639 1014 2723 fedet
1033 2666 1084 2719 ha·

118 2735 225 2791 auisset
241 2737 271 2792 A
342 2743 377 2792 14
396 2737 555 2792 adtuleram
568 2738 688 2810 Apo
638 2737 688 2792 adt
689 2737 789 2792 ulerim
803 2739 846 2792 du
882 2736 989 2806 possim
1009 2740 1083 2809 (pos-

117 2825 180 2862 sum
199 2828 218 2861 α
236 2826 270 2866 n
285 2811 343 2880 pr)
362 2811 437 2878 tion,
454 2825 567 2878 possem
585 2810 669 2879 nutqo
749 2813 782 2864 lt
801 2808 898 2891 Hocp
940 2825 1037 2863 uersos
1055 2808 1084 2863 A

117 2878 229 3004 dede
214 2880 283 2935 eA
365 2879 512 2935 conamine
538 2882 681 2936 Baetrrens
712 2878 868 2935 tentamine
906 2880 1029 2963 Unqerns

117 2954 151 3004 18
190 2949 320 3020 nigmata
335 2950 459 3021 Symfosi
477 2951 621 3006 scolastici
630 2952 659 3006 A
672 2951 826 3020 Enigmata
839 2950 965 3020 Siphuaii
979 2950 1084 3021 phisici

115 3021 241 3092 Anpele'o.
290 3022 431 3077 IGrafius
445 3024 474 3077 A
491 3022 533 3077 De
551 3022 680 3095 grafioti.
721 3024 878 3079 Titulonnn
896 3025 1036 3079 lectionem
1049 3040 1083 3079 en

115 3094 173 3148 solo
200 3093 229 3148 A
255 3110 359 3149 omnem
386 3095 501 3161 afferam
600 3099 634 3148 19
662 3092 803 3163 utrimque
831 3094 882 3166 Ap
913 3096 1052 3175 utraque
1064 3116 1083 3147 α

116 3166 233 3233 ,utrum
234 3167 326 3233 qued
362 3168 392 3219 et
409 3180 557 3219 munerea
594 3163 708 3219 diuersa
726 3167 919 3220 etmunerad
956 3171 990 3219 20
1005 3164 1083 3233 quic-

115 3206 185 3304 qaid
204 3239 259 3317 αβ
290 3234 362 3291 facit
380 3237 409 3291 A
488 3236 515 3290 H
532 3235 684 3318 Arundop
765 3241 798 3289 21
823 3235 923 3307 deid]
952 3235 987 3289 de
1007 3234 1082 3290 uD.

115 3305 329 3434 {ditati}
358 3306 851 3464 taratarantium
865 3308 1108 3463 sintita

113 3447 247 3519 magistri
265 3450 307 3533 αβ
389 3454 495 3504 21-23
518 3457 614 3506 entant
636 3452 668 3505 in
691 3450 822 3506 Historia
843 3449 990 3519 Apollonii
1011 3450 1084 3521 repis

115 3520 201 3593 Tyri,
227 3522 308 3576 cnins
334 3522 366 3576 in
392 3523 546 3578 recensione
573 3523 681 3578 meliore
705 3523 794 3591 (codd
818 3522 893 3590 AP)
921 3539 982 3578 cnm
1005 3522 1082 3592 Bp)

114 3597 272 3662 conprnnnt
