2672 3924
231 191 297 256 292
634 191 802 247 GARMINA

176 446 202 484 Β.
213 443 243 483 ad
251 443 313 483 Lux.
322 443 357 485 88.
682 409 748 475 380

175 498 207 538 M.
220 499 266 538 555.

176 552 203 592 B.
219 551 253 591 1v
262 551 310 591 431.
381 532 525 598 DOMNI
548 533 680 599 PETRI
703 530 1040 598 REFERENDARII
1157 567 1188 618 p.
1198 554 1259 606 192

315 669 444 724 Versus
467 668 503 722 in
525 667 665 724 basilice
687 666 805 737 palatii
826 669 964 723 sanetae
986 667 1112 723 Mariae

276 786 411 858 Qualiter
434 790 543 847 inlecta
567 789 715 865 processit
737 786 858 865 Virgine
881 795 985 865 partus
1103 832 1106 836 n

276 875 372 955 quue
396 877 458 954 pali
480 875 574 936 voluit
596 875 699 955 Natus,
722 877 899 955 perquirere
923 874 993 935 noli.

276 964 355 1025 Haec
379 963 453 1025 nulli
477 973 605 1025 tractare
629 965 709 1044 licei,
734 964 786 1025 sed
810 963 933 1025 credere
959 974 1082 1024 lentum.
1150 964 1156 977 '

178 1321 205 1360 ΒΙ
220 1317 251 1356 Μ,
266 1317 292 1356 B.
306 1315 337 1356 ιι),
590 1283 656 1361 [Ad
679 1282 837 1362 DUlssem]

232 1410 346 1471 Felices
370 1409 436 1470 illos
460 1411 512 1489 qui
537 1419 564 1469 le
589 1427 719 1488 genuere
743 1418 892 1490 parentes,

232 1500 362 1561 Felicem
386 1499 479 1560 solem
503 1501 555 1579 qui
578 1508 608 1559 te
630 1498 712 1558 videt
736 1496 874 1558 omnibus
898 1497 990 1578 horis,

232 1588 361 1649 Felicem
386 1598 497 1649 terram
522 1607 610 1668 quam
633 1595 666 1647 lu
690 1587 765 1666 pede
789 1587 913 1647 candide
938 1586 1043 1666 calcas,

232 1677 348 1738 Felices
372 1677 478 1738 lescies
502 1680 655 1756 cingentes
679 1694 789 1754 corpus
813 1684 935 1756 amatae,

233 1764 436 1844 Felices[qne]
466 1774 548 1826 toros
577 1765 700 1846 quihus,
727 1764 842 1846 Dulcis,
866 1765 945 1825 nuda
968 1763 1132 1825 recumbis!
1159 1799 1199 1808 -
1224 1781 1240 1827 5
1322 1766 1323 1845 ᾗ

232 1854 373 1915 Vivisco
397 1858 557 1933 capiuntur
580 1872 658 1934 aves,
681 1862 715 1915 ui
739 1853 855 1914 retibus
880 1855 953 1934 apri,
1322 1850 1323 1931 J

233 1943 283 2005 Sic
308 1963 361 2023 ego
386 1961 465 2004 nunc
490 1942 591 2004 Dulcis
614 1942 680 2003 diro
704 1961 771 2002 sum
795 1950 899 2021 captus
923 1961 1033 2003 amore.
1059 1977 1102 1985 -
1322 1946 1324 2045 l

232 2032 300 2092 Vidi
323 2051 378 2093 nec
402 2034 501 2110 tetigi:
525 2032 610 2092 rideo
635 2050 691 2092 nec
714 2041 836 2111 terigere
859 2050 991 2112 possum.
1015 2065 1057 2074 —

234 2122 328 2183 Totus
352 2125 382 2182 in
406 2124 473 2200 igne
499 2122 554 2183 ini:
578 2139 637 2181 non
662 2139 728 2182 snm
752 2129 947 2201 consumptus
972 2130 1002 2182 et
1025 2123 1093 2182 arsi.

684 2331 750 2395 382

179 2476 206 2516 n.
220 2474 251 2515 n.
265 2473 294 2514 n.
308 2473 339 2514 rb.
557 2441 624 2519 [Ad
647 2439 874 2520 meretricem]

233 2568 305 2629 Posi
328 2567 408 2628 mille
432 2566 594 2647 amplexus,
617 2574 686 2646 posi
709 2565 805 2627 dulcia
829 2569 908 2626 saria
932 2584 1039 2645 penem
1160 2594 1191 2646 p.
1201 2582 1260 2635 193

234 2657 376 2719 Confiniis
399 2655 525 2716 laterum
549 2664 696 2716 retortum
720 2655 848 2734 suscipe,
872 2673 973 2734 posco,
1323 2666 1324 2673 ¹

234 2745 354 2807 Viribus
377 2754 411 2806 ut
434 2746 565 2825 propriis
589 2743 706 2805 mollem
731 2753 764 2804 lu
788 2743 904 2820 reddes,
928 2743 964 2804 ab
988 2744 1052 2804 alvo

233 2835 268 2895 ln
291 2835 388 2895 alvum
412 2842 576 2915 sumptura,
600 2835 709 2894 ilerum
734 2850 822 2911 quem
846 2842 980 2912 tempore
1005 2841 1088 2893 cerlo

306 3022 408 3079 380ss
430 3023 455 3076 lI
469 3022 574 3076 Versus
589 3023 686 3077 domni
703 3040 757 3094 sqq.
772 3023 801 3077 A
838 3023 883 3078 εἴθ
899 3023 927 3077 Α
970 3040 999 3077 u.
1020 3028 1089 3075 1-3
1108 3022 1203 3077 rubris

234 3095 333 3151 litteris
351 3096 449 3164 scripti
466 3101 532 3149 suut
548 3095 577 3148 A

305 3165 374 3222 381.
397 3166 522 3220 Titulum
539 3166 639 3220 addidi
693 3171 709 3219 2
730 3167 785 3219 oris
800 3166 828 3221 A
882 3171 899 3218 3
918 3164 990 3234 pede
1009 3163 1123 3218 cardito
1138 3163 1167 3218 A

234 3241 252 3290 4
270 3236 376 3292 lasciue
395 3238 433 3305 A,
450 3254 519 3292 cerr.
539 3236 672 3308 Meyerus
744 3242 760 3290 ὅ
780 3253 834 3305 que
853 3239 917 3293 adel.
937 3238 1035 3292 Burm.
1055 3234 1119 3304 quis
1136 3236 1201 3303 sort.

233 3316 302 3364 recte
321 3309 419 3364 Busrm.
476 3306 611 3376 (iuisquo
625 3307 653 3362 A

305 3378 374 3434 382.
398 3378 442 3431 Ad
460 3395 527 3434 mer.
547 3380 653 3434 addidi.
693 3378 808 3435 Garrueu
826 3378 860 3433 L.
880 3379 1033 3434 Muellerus
1055 3396 1074 3432 u
1093 3383 1143 3432 381
1163 3394 1202 3432 se·

230 3452 350 3517 parauit
367 3451 409 3504 rle.
428 3467 495 3504 mus.
517 3450 580 3504 XX
591 3454 642 3503 361
714 3457 727 3503 1
748 3449 830 3503 senia
848 3451 908 3505 edd.
928 3448 1029 3502 sunnia
1047 3449 1076 3503 A
1111 3455 1201 3517 poene

234 3520 263 3573 A
335 3520 514 3574 edetorcum
531 3522 629 3576 Burm.
674 3537 757 3590 porro
776 3522 928 3576 Muellerus
1000 3519 1146 3588 3probris
1165 3520 1201 3587 A,

235 3605 304 3644 eurr.
322 3590 420 3646 Burm.
475 3590 579 3646 enlbn
598 3596 625 3646 A
