2642 3922
185 166 228 232 88
593 164 761 223 canutus

93 412 96 417 Α
187 336 302 397 Aurum
326 328 395 416 (pro
419 327 559 420 facinus),
583 343 717 417 veterum
741 333 871 412 donaria,
893 334 1027 412 priscum
1171 345 1209 395 70
1318 312 1319 351 ³

186 423 381 504 Obsequium,
404 426 559 503 antiquum
583 442 702 503 munus,
726 423 813 502 videt,
836 423 950 502 arripit,
973 425 1079 483 aufert.

187 512 261 586 Quis
283 513 387 592 populi
409 515 546 593 gemitus,
570 515 638 593 quis
662 520 734 574 tunc
758 529 924 597 concursus
946 513 978 571 in
1001 508 1114 585 55551Ι

187 603 261 674 Quis
285 602 342 663 fuit
364 601 412 665 iile
437 601 511 682 dies,
535 604 639 662 miseri
660 619 730 662 cum
753 600 884 679 pendere
908 618 1018 678 poenas

187 691 333 755 Custodes
356 693 431 755 iussi
455 692 521 752 iuso
545 691 582 753 de
605 692 750 770 sanguine
773 691 887 750 crimen

185 781 324 861 Ignotum
347 782 482 841 insontes
505 780 624 841 luerent
645 779 820 858 facinusque
844 776 1001 857 negarent!
1172 790 1208 840 75
1318 790 1319 805 ¹

186 869 253 931 Heu
276 868 352 930 male
375 887 552 948 magnorum
576 887 694 948 semper
718 867 774 929 sub
798 869 918 931 nomine
942 867 993 927 tati

187 958 326 1020 Velamen
350 957 506 1019 scelerum.
548 958 614 1018 vilis
637 975 778 1036 personat
802 958 870 1036 quis
894 973 974 1037 ergo,

187 1048 362 1125 Despicieus
385 1046 545 1126 bominem,
568 1053 684 1108 tantum
708 1047 776 1124 quis
799 1045 936 1106 crederet
959 1062 1099 1124 umquam

187 1136 332 1216 Pauperis
355 1152 421 1197 esse
444 1132 549 1197 usias?
573 1135 676 1197 volitat
699 1153 768 1197 cum
791 1136 896 1196 iuuere
921 1133 1003 1196 dives
1127 1162 1158 1215 p.
1170 1150 1207 1201 51

188 1224 358 1287 Multorum.
376 1224 500 1286 -Nec
524 1227 601 1286 scire
625 1233 725 1303 potest
747 1241 801 1285 sua
825 1225 950 1285 crimina
973 1222 1063 1286 solus.
1171 1235 1210 1286 80

188 1314 252 1376 Hoc
275 1332 382 1376 rursus
405 1333 512 1394 magna
535 1321 666 1375 statuere
690 1313 851 1393 primordia
874 1330 986 1392 rerum,

189 1403 274 1474 Quod
299 1404 358 1464 cito
383 1412 442 1464 tam
466 1403 567 1483 prodit
590 1404 713 1481 crimen,
737 1420 826 1481 quam
850 1404 980 1480 concipit
1003 1401 1101 1463 ardor.

188 1491 272 1554 Mens
295 1492 449 1554 hominum
473 1490 589 1554 facinu‘s
612 1493 677 1553 sine
701 1492 759 1552 fine
782 1491 954 1555 admitteret
976 1490 1045 1570 ullo,

190 1582 223 1643 Si
245 1589 348 1661 posset
370 1581 468 1643 celare
492 1583 557 1643 diu:
581 1580 706 1643 cultoris
729 1580 842 1641 honore

190 1670 360 1749 Sacrilegus
382 1669 472 1751 lucet,
495 1669 692 1749 manibusque
715 1668 810 1730 ablata
834 1670 970 1731 nocentis
1172 1679 1208 1731 85
1318 1680 1319 1693 ’

189 1758 262 1821 Post
284 1762 413 1837 spatium
435 1758 568 1838 produnt
590 1761 705 1820 crimen
728 1759 883 1819 redeuntia
907 1758 992 1819 dona.

599 1931 749 1989 Excessus

234 2041 301 2104 Huc
323 2041 383 2104 huc
407 2046 572 2122 tergemino
597 2043 694 2105 letalia
717 2042 841 2105 fulmina
864 2042 932 2123 telo,

190 2133 324 2212 luppiter
347 2132 505 2214 undarum,
529 2133 633 2214 valido,
656 2133 803 2213 Neptune,
826 2131 949 2192 tridenti

190 2222 371 2284 Concutiens
394 2224 486 2283 maria
510 2221 567 2283 alta
590 2225 653 2283 iace
676 2229 828 2301 pontoque
852 2220 1000 2281 verendus

190 2311 325 2373 Litoreas
349 2311 525 2372 transcende
549 2309 661 2372 moras!
685 2319 744 2371 stet
767 2308 907 2370 turbidus
930 2312 993 2370 axis
1173 2324 1207 2373 90

189 2398 327 2461 Nubibus
350 2407 380 2461 et
403 2400 541 2481 zephyris
565 2400 657 2460 iundo
681 2398 833 2461 revolutus
857 2398 893 2460 ab
917 2400 977 2458 imo

190 2489 305 2568 Gurges
328 2489 512 2568 inexpletum
535 2490 623 2550 feriat
645 2488 717 2549 vada
740 2506 889 2548 marmore
912 2486 1000 2548 cano!
1100 2532 1104 2539 .

189 2576 324 2639 Piscator
348 2596 471 2640 scaevus
494 2580 634 2638 meritum
658 2576 814 2638 contundit
837 2578 1002 2656 utrimque3

191 2666 256 2728 Stat
280 2675 346 2746 post
369 2667 449 2727 furta
472 2667 549 2749 pius,
573 2664 691 2747 templis
714 2676 765 2727 tua
788 2683 913 2725 munera
936 2665 1074 2746 reddens,

189 2755 229 2818 Et
251 2765 319 2835 post
342 2754 418 2816 dona
441 2774 521 2817 reus.
563 2774 618 2835 pro
642 2755 701 2838 viii,
724 2773 839 2816 summa
862 2764 1002 2839 potestas,
1174 2766 1208 2817 95

264 2930 297 2979 70
311 2905 446 2994 pratibus
465 2926 494 2979 A
556 2930 587 2980 ⁷1
609 2926 734 2982 anticum
752 2925 780 2980 A
842 2930 874 2979 73
895 2931 958 2981 aute
976 2942 995 2994 p
1013 2940 1064 2979 nas
1083 2925 1157 2981 duae

192 2998 354 3053 litterasue
367 2996 395 3049 A
440 3000 473 3049 74
491 2996 589 3051 detruso
605 2997 645 3066 H,
658 2997 746 3053 recu?
793 3002 826 3051 75
839 2999 975 3052 necarent
1049 3000 1082 3050 75
1092 2997 1157 3051 Neu

191 3067 219 3127 A
274 3070 309 3121 80
326 3083 379 3121 nee
398 3068 433 3121 H
447 3083 482 3122 ne
501 3068 530 3122 A
593 3073 626 3122 81
646 3084 758 3136 prorsus
780 3067 928 3138 Quiciuoat
963 3066 1072 3121 est-ad
1089 3083 1156 3123 uere

191 3140 220 3194 A
275 3143 309 3194 83
328 3136 474 3194 amitteret
491 3139 519 3194 A
574 3144 609 3193 84
627 3139 734 3212 celaret
751 3139 780 3194 A
841 3143 875 3193 85
895 3138 993 3193 ablata
1010 3138 1039 3193 A
1058 3138 1157 3194 adlata

192 3211 296 3267 conieci
368 3216 402 3265 86
417 3218 483 3280 post
500 3210 624 3281 produnt
642 3228 654 3263 s
673 3228 754 3266 erasa
771 3211 800 3265 A
867 3215 902 3264 87
920 3208 1002 3265 letah'
1017 3240 1023 3252 ·
1037 3207 1157 3267 fulmins

192 3281 221 3341 A
311 3286 345 3337 89
373 3298 389 3336 s
411 3285 555 3352 pontoque
573 3282 620 3349 H,
646 3283 693 3337 scd
720 3284 755 3350 cf.
780 3286 866 3338 uto.
890 3286 951 3338 116.
981 3286 1040 3335 132.
1069 3284 1121 3335 205

193 3357 227 3408 90
246 3353 420 3409 transcende.
455 3370 579 3408 remorae
598 3354 627 3407 A
681 3353 756 3407 sanis
774 3354 803 3408 A
911 3359 944 3407 91
970 3350 1097 3422 zepheris
1120 3354 1159 3420 A,

192 3425 330 3481 555551Χ
421 3430 454 3479 99
482 3424 680 3494 inexplicitum
698 3425 727 3479 A
816 3429 851 3480 93
869 3423 999 3479 Piscatur
1022 3440 1106 3496 spuus
1130 3423 1159 3478 A

193 3497 320 3564 utrumq3
339 3496 368 3550 A
432 3501 467 3551 94
484 3500 516 3551 tu
535 3498 563 3551 A
582 3497 649 3551 dum
667 3514 704 3551 m.
724 3495 818 3550 reddit
837 3496 872 3550 H
903 3497 955 3550 tuo
975 3495 1123 3565 Quicbcrat

195 3571 229 3621 95
247 3569 328 3636 piost
345 3565 493 3621 uilissuma
511 3569 640 3637 potestas
658 3567 687 3622 A
705 3583 755 3637 pro
775 3566 841 3622 uilis
861 3584 883 3621 s.
900 3585 929 3636 p.
947 3568 982 3621 H
1121 3570 1124 3573 '
