<?xml version="1.0" encoding="UTF-8"?>
<!DOCTYPE html PUBLIC "-//W3C//DTD XHTML 1.0 Transitional//EN"
    "http://www.w3.org/TR/xhtml1/DTD/xhtml1-transitional.dtd">
<html xmlns="http://www.w3.org/1999/xhtml" xml:lang="en" lang="en">
 <head>
  <title>
</title>
<meta http-equiv="Content-Type" content="text/html;charset=utf-8" />
  <meta name='ocr-system' content='tesseract 3.04.00' />
  <meta name='ocr-capabilities' content='ocr_page ocr_carea ocr_par ocr_line ocrx_word'/>
</head>
<body>
  <div class='ocr_page' id='page_1' title='image "./anthologialatin02lommgoog_0355.png"; bbox 0 0 2654 3926; ppageno 0'>
   <div class='ocr_carea' id='block_1_1' title="bbox 192 186 761 253">
    <p class='ocr_par' dir='ltr' id='par_1_1' title="bbox 192 186 761 253">
     <span class='ocr_line' id='line_1_1' title="bbox 192 186 761 253; baseline -0.023 -1"><span class='ocrx_word' id='word_1_1' title='bbox 192 188 258 253; x_wconf 80' lang='grc'>284</span> <span class='ocrx_word' id='word_1_2' title='bbox 593 186 761 243; x_wconf 82' lang='lat' dir='ltr'><strong><em>OARMINA</em></strong></span> 
     </span>
    </p>
   </div>
   <div class='ocr_carea' id='block_1_2' title="bbox 194 351 1196 703">
    <p class='ocr_par' dir='ltr' id='par_1_2' title="bbox 194 351 1158 522">
     <span class='ocr_line' id='line_1_2' title="bbox 194 351 1158 437; baseline 0 -21"><span class='ocrx_word' id='word_1_3' title='bbox 194 356 251 416; x_wconf 87' lang='lat' dir='ltr'>Sed</span> <span class='ocrx_word' id='word_1_4' title='bbox 263 351 362 437; x_wconf 85' lang='lat' dir='ltr'>[oum]</span> <span class='ocrx_word' id='word_1_5' title='bbox 373 355 473 416; x_wconf 86' lang='lat' dir='ltr'>Burdo</span> <span class='ocrx_word' id='word_1_6' title='bbox 487 355 576 415; x_wconf 87' lang='lat' dir='ltr'>homo</span> <span class='ocrx_word' id='word_1_7' title='bbox 592 356 640 432; x_wconf 87' lang='lat' dir='ltr'>sit,</span> <span class='ocrx_word' id='word_1_8' title='bbox 655 372 774 414; x_wconf 88' lang='lat' dir='ltr'>versum</span> <span class='ocrx_word' id='word_1_9' title='bbox 789 364 835 414; x_wconf 89' lang='lat' dir='ltr'>est</span> <span class='ocrx_word' id='word_1_10' title='bbox 849 353 1029 433; x_wconf 73' lang='lat' dir='ltr'><strong>sophismate</strong></span> <span class='ocrx_word' id='word_1_11' title='bbox 1040 373 1158 416; x_wconf 87' lang='lat' dir='ltr'>verum:</span> 
     </span>
     <span class='ocr_line' id='line_1_3' title="bbox 237 442 901 522; baseline -0.003 -17"><span class='ocrx_word' id='word_1_12' title='bbox 237 444 309 505; x_wconf 84' lang='lat' dir='ltr'>Nem</span> <span class='ocrx_word' id='word_1_13' title='bbox 334 454 364 506; x_wconf 91' lang='lat' dir='ltr'>et</span> <span class='ocrx_word' id='word_1_14' title='bbox 387 444 485 505; x_wconf 88' lang='lat' dir='ltr'>ridere</span> <span class='ocrx_word' id='word_1_15' title='bbox 509 443 585 504; x_wconf 87' lang='lat' dir='ltr'>solet</span> <span class='ocrx_word' id='word_1_16' title='bbox 608 442 654 503; x_wconf 84' lang='lat' dir='ltr'>vel</span> <span class='ocrx_word' id='word_1_17' title='bbox 677 447 792 503; x_wconf 85' lang='lat' dir='ltr'>ratione</span> <span class='ocrx_word' id='word_1_18' title='bbox 815 445 901 522; x_wconf 83' lang='lat' dir='ltr'>riget.</span> 
     </span>
    </p>

    <p class='ocr_par' dir='ltr' id='par_1_3' title="bbox 194 532 1196 703">
     <span class='ocr_line' id='line_1_4' title="bbox 194 532 1196 613; baseline 0.001 -19"><span class='ocrx_word' id='word_1_19' title='bbox 194 533 332 595; x_wconf 79' lang='lat' dir='ltr'>Surrexit</span> <span class='ocrx_word' id='word_1_20' title='bbox 354 532 462 613; x_wconf 82' lang='lat' dir='ltr'>duplex</span> <span class='ocrx_word' id='word_1_21' title='bbox 487 541 589 592; x_wconf 90' lang='lat' dir='ltr'>nostro</span> <span class='ocrx_word' id='word_1_22' title='bbox 614 532 669 593; x_wconf 87' lang='lat' dir='ltr'>sub</span> <span class='ocrx_word' id='word_1_23' title='bbox 693 540 827 612; x_wconf 87' lang='lat' dir='ltr'>tempore</span> <span class='ocrx_word' id='word_1_24' title='bbox 851 540 1026 612; x_wconf 88' lang='lat' dir='ltr'>monstrum,</span> <span class='ocrx_word' id='word_1_25' title='bbox 1178 546 1196 595; x_wconf 79' lang='lat' dir='ltr'>o</span> 
     </span>
     <span class='ocr_line' id='line_1_5' title="bbox 239 620 974 703; baseline -0.001 -19"><span class='ocrx_word' id='word_1_26' title='bbox 239 622 324 694; x_wconf 81' lang='lat' dir='ltr'>Quod</span> <span class='ocrx_word' id='word_1_27' title='bbox 348 631 433 703; x_wconf 85' lang='lat' dir='ltr'>pater</span> <span class='ocrx_word' id='word_1_28' title='bbox 456 630 502 683; x_wconf 87' lang='lat' dir='ltr'>est</span> <span class='ocrx_word' id='word_1_29' title='bbox 525 620 621 682; x_wconf 90' lang='lat' dir='ltr'>hurdo</span> <span class='ocrx_word' id='word_1_30' title='bbox 644 621 863 701; x_wconf 83' lang='lat' dir='ltr'>Passiphaeque</span> <span class='ocrx_word' id='word_1_31' title='bbox 887 621 974 700; x_wconf 75' lang='lat' dir='ltr'>redit.</span> 
     </span>
    </p>
   </div>
   <div class='ocr_carea' id='block_1_3' title="bbox 392 831 954 1004">
    <p class='ocr_par' dir='ltr' id='par_1_4' title="bbox 392 831 954 1004">
     <span class='ocr_line' id='line_1_6' title="bbox 643 831 709 896; baseline 0 -1"><span class='ocrx_word' id='word_1_32' title='bbox 643 831 709 896; x_wconf 84' lang='grc'>366</span> 
     </span>
     <span class='ocr_line' id='line_1_7' title="bbox 392 946 954 1004; baseline 0 -1"><span class='ocrx_word' id='word_1_33' title='bbox 392 947 442 1003; x_wconf 84' lang='lat' dir='ltr'>Do</span> <span class='ocrx_word' id='word_1_34' title='bbox 466 946 570 1003; x_wconf 79' lang='lat' dir='ltr'>laudo</span> <span class='ocrx_word' id='word_1_35' title='bbox 592 961 689 1003; x_wconf 81' lang='lat' dir='ltr'>rosae</span> <span class='ocrx_word' id='word_1_36' title='bbox 712 947 954 1004; x_wconf 80' lang='lat' dir='ltr'>centumfolioe</span> 
     </span>
    </p>
   </div>
   <div class='ocr_carea' id='block_1_4' title="bbox 239 1065 1216 1591">
    <p class='ocr_par' dir='ltr' id='par_1_5' title="bbox 239 1065 1034 1216">
     <span class='ocr_line' id='line_1_8' title="bbox 239 1065 1034 1146; baseline 0.003 -21"><span class='ocrx_word' id='word_1_37' title='bbox 239 1065 322 1126; x_wconf 84' lang='lat' dir='ltr'>Hanc</span> <span class='ocrx_word' id='word_1_38' title='bbox 346 1074 418 1146; x_wconf 88' lang='lat' dir='ltr'>puto</span> <span class='ocrx_word' id='word_1_39' title='bbox 442 1067 478 1127; x_wconf 92' lang='lat' dir='ltr'>de</span> <span class='ocrx_word' id='word_1_40' title='bbox 502 1069 623 1146; x_wconf 84' lang='lat' dir='ltr'>proprio</span> <span class='ocrx_word' id='word_1_41' title='bbox 647 1068 735 1127; x_wconf 84' lang='lat' dir='ltr'>tinxit</span> <span class='ocrx_word' id='word_1_42' title='bbox 759 1065 809 1126; x_wconf 88' lang='lat' dir='ltr'>Sol</span> <span class='ocrx_word' id='word_1_43' title='bbox 833 1085 942 1127; x_wconf 83' lang='lat' dir='ltr'>aureus</span> <span class='ocrx_word' id='word_1_44' title='bbox 966 1075 1034 1127; x_wconf 90' lang='lat' dir='ltr'>ortu</span> 
     </span>
     <span class='ocr_line' id='line_1_9' title="bbox 283 1155 945 1216; baseline 0.002 -2"><span class='ocrx_word' id='word_1_45' title='bbox 283 1156 342 1215; x_wconf 81' lang='lat' dir='ltr'>hut</span> <span class='ocrx_word' id='word_1_46' title='bbox 366 1174 458 1215; x_wconf 88' lang='lat' dir='ltr'>unum</span> <span class='ocrx_word' id='word_1_47' title='bbox 482 1174 518 1216; x_wconf 84' lang='lat' dir='ltr'>ex</span> <span class='ocrx_word' id='word_1_48' title='bbox 542 1155 633 1215; x_wconf 81' lang='lat' dir='ltr'>radiis</span> <span class='ocrx_word' id='word_1_49' title='bbox 656 1155 761 1216; x_wconf 84' lang='lat' dir='ltr'>meluit</span> <span class='ocrx_word' id='word_1_50' title='bbox 784 1173 849 1215; x_wconf 88' lang='lat' dir='ltr'>esse</span> <span class='ocrx_word' id='word_1_51' title='bbox 874 1158 945 1216; x_wconf 92' lang='lat' dir='ltr'>suis.</span> 
     </span>
    </p>

    <p class='ocr_par' dir='ltr' id='par_1_6' title="bbox 240 1243 1070 1411">
     <span class='ocr_line' id='line_1_10' title="bbox 240 1243 1070 1324; baseline -0.001 -19"><span class='ocrx_word' id='word_1_52' title='bbox 240 1243 299 1305; x_wconf 86' lang='lat' dir='ltr'>Sed</span> <span class='ocrx_word' id='word_1_53' title='bbox 323 1246 348 1304; x_wconf 78' lang='lat' dir='ltr'>si</span> <span class='ocrx_word' id='word_1_54' title='bbox 372 1247 461 1305; x_wconf 84' lang='lat' dir='ltr'>ctiam</span> <span class='ocrx_word' id='word_1_55' title='bbox 485 1253 605 1304; x_wconf 87' lang='lat' dir='ltr'>centum</span> <span class='ocrx_word' id='word_1_56' title='bbox 629 1244 707 1304; x_wconf 84' lang='lat' dir='ltr'>loliis</span> <span class='ocrx_word' id='word_1_57' title='bbox 731 1262 799 1304; x_wconf 85' lang='lat' dir='ltr'>rosa</span> <span class='ocrx_word' id='word_1_58' title='bbox 822 1244 958 1324; x_wconf 81' lang='lat' dir='ltr'>Cypridis</span> <span class='ocrx_word' id='word_1_59' title='bbox 982 1252 1070 1324; x_wconf 82' lang='lat' dir='ltr'>extat,</span> 
     </span>
     <span class='ocr_line' id='line_1_11' title="bbox 285 1332 1021 1411; baseline 0.001 -19"><span class='ocrx_word' id='word_1_60' title='bbox 285 1332 384 1395; x_wconf 85' lang='lat' dir='ltr'>Finxit</span> <span class='ocrx_word' id='word_1_61' title='bbox 406 1336 436 1394; x_wconf 92' lang='lat' dir='ltr'>in</span> <span class='ocrx_word' id='word_1_62' title='bbox 460 1333 536 1393; x_wconf 81' lang='lat' dir='ltr'>hanc</span> <span class='ocrx_word' id='word_1_63' title='bbox 559 1336 638 1393; x_wconf 87' lang='lat' dir='ltr'>omni</span> <span class='ocrx_word' id='word_1_64' title='bbox 663 1335 806 1411; x_wconf 83' lang='lat' dir='ltr'>sanguine</span> <span class='ocrx_word' id='word_1_65' title='bbox 830 1342 889 1392; x_wconf 83' lang='lat' dir='ltr'>tota</span> <span class='ocrx_word' id='word_1_66' title='bbox 914 1332 1021 1394; x_wconf 88' lang='lat' dir='ltr'>Venus.</span> 
     </span>
    </p>

    <p class='ocr_par' dir='ltr' id='par_1_7' title="bbox 239 1420 1216 1591">
     <span class='ocr_line' id='line_1_12' title="bbox 239 1420 1216 1504; baseline 0 -22"><span class='ocrx_word' id='word_1_67' title='bbox 239 1422 319 1482; x_wconf 81' lang='lat' dir='ltr'>Haec</span> <span class='ocrx_word' id='word_1_68' title='bbox 342 1421 450 1483; x_wconf 86' lang='lat' dir='ltr'>tiorum</span> <span class='ocrx_word' id='word_1_69' title='bbox 470 1423 563 1504; x_wconf 74' lang='lat' dir='ltr'>riddo,</span> <span class='ocrx_word' id='word_1_70' title='bbox 585 1422 659 1482; x_wconf 85' lang='lat' dir='ltr'>haec</span> <span class='ocrx_word' id='word_1_71' title='bbox 678 1420 798 1482; x_wconf 80' lang='lat' dir='ltr'>Lucifer</span> <span class='ocrx_word' id='word_1_72' title='bbox 818 1422 913 1482; x_wconf 85' lang='lat' dir='ltr'>almus</span> <span class='ocrx_word' id='word_1_73' title='bbox 931 1424 962 1481; x_wconf 90' lang='lat' dir='ltr'>in</span> <span class='ocrx_word' id='word_1_74' title='bbox 982 1425 1069 1504; x_wconf 72' lang='lat' dir='ltr'>agdo,</span> <span class='ocrx_word' id='word_1_75' title='bbox 1119 1451 1149 1503; x_wconf 73' lang='lat' dir='ltr'>p,</span> <span class='ocrx_word' id='word_1_76' title='bbox 1159 1437 1216 1489; x_wconf 78' lang='lat'>133</span> 
     </span>
     <span class='ocr_line' id='line_1_13' title="bbox 284 1510 1196 1591; baseline 0.001 -20"><span class='ocrx_word' id='word_1_77' title='bbox 284 1510 361 1572; x_wconf 90' lang='lat' dir='ltr'>Huic</span> <span class='ocrx_word' id='word_1_78' title='bbox 384 1513 459 1573; x_wconf 95' lang='lat' dir='ltr'>odor</span> <span class='ocrx_word' id='word_1_79' title='bbox 482 1519 512 1572; x_wconf 87' lang='lat' dir='ltr'>et</span> <span class='ocrx_word' id='word_1_80' title='bbox 536 1511 618 1572; x_wconf 91' lang='lat' dir='ltr'>color</span> <span class='ocrx_word' id='word_1_81' title='bbox 641 1521 687 1571; x_wconf 87' lang='lat' dir='ltr'>est</span> <span class='ocrx_word' id='word_1_82' title='bbox 710 1510 818 1588; x_wconf 79' lang='lat' dir='ltr'>dignus</span> <span class='ocrx_word' id='word_1_83' title='bbox 841 1510 954 1572; x_wconf 84' lang='lat' dir='ltr'>honore</span> <span class='ocrx_word' id='word_1_84' title='bbox 978 1511 1046 1591; x_wconf 91' lang='lat' dir='ltr'>poli.</span> <span class='ocrx_word' id='word_1_85' title='bbox 1180 1526 1196 1572; x_wconf 82' lang='lat' dir='ltr'>o</span> 
     </span>
    </p>
   </div>
   <div class='ocr_carea' id='block_1_5' title="bbox 645 1721 709 1785">
    <p class='ocr_par' dir='ltr' id='par_1_8' title="bbox 645 1721 709 1785">
     <span class='ocr_line' id='line_1_14' title="bbox 645 1721 709 1785; baseline 0 0"><span class='ocrx_word' id='word_1_86' title='bbox 645 1721 709 1785; x_wconf 78' lang='lat'>367</span> 
     </span>
    </p>
   </div>
   <div class='ocr_carea' id='block_1_6' title="bbox 195 1836 1162 1981">
    <p class='ocr_par' dir='ltr' id='par_1_9' title="bbox 195 1836 1162 1981">
     <span class='ocr_line' id='line_1_15' title="bbox 195 1836 1162 1906; baseline 0 -13"><span class='ocrx_word' id='word_1_87' title='bbox 195 1837 245 1893; x_wconf 83' lang='lat' dir='ltr'>De</span> <span class='ocrx_word' id='word_1_88' title='bbox 269 1838 383 1893; x_wconf 79' lang='lat' dir='ltr'>statuo</span> <span class='ocrx_word' id='word_1_89' title='bbox 404 1836 561 1893; x_wconf 77' lang='lat' dir='ltr'>Hectoris</span> <span class='ocrx_word' id='word_1_90' title='bbox 588 1836 623 1891; x_wconf 90' lang='lat' dir='ltr'>in</span> <span class='ocrx_word' id='word_1_91' title='bbox 650 1837 729 1905; x_wconf 88' lang='lat' dir='ltr'>Ilio,</span> <span class='ocrx_word' id='word_1_92' title='bbox 758 1851 847 1906; x_wconf 82' lang='lat' dir='ltr'>quae</span> <span class='ocrx_word' id='word_1_93' title='bbox 875 1837 971 1893; x_wconf 81' lang='lat' dir='ltr'>videt</span> <span class='ocrx_word' id='word_1_94' title='bbox 992 1837 1162 1893; x_wconf 77' lang='lat' dir='ltr'>Achillem</span> 
     </span>
     <span class='ocr_line' id='line_1_16' title="bbox 600 1927 758 1981; baseline 0.006 -1"><span class='ocrx_word' id='word_1_95' title='bbox 600 1928 634 1981; x_wconf 81' lang='lat' dir='ltr'>et</span> <span class='ocrx_word' id='word_1_96' title='bbox 656 1927 758 1981; x_wconf 78' lang='lat' dir='ltr'>sudet</span> 
     </span>
    </p>
   </div>
   <div class='ocr_carea' id='block_1_7' title="bbox 195 2044 1196 2657">
    <p class='ocr_par' dir='ltr' id='par_1_10' title="bbox 195 2044 916 2105">
     <span class='ocr_line' id='line_1_17' title="bbox 195 2044 916 2105; baseline 0 -1"><span class='ocrx_word' id='word_1_97' title='bbox 195 2045 271 2105; x_wconf 88' lang='lat' dir='ltr'>ilion</span> <span class='ocrx_word' id='word_1_98' title='bbox 294 2046 325 2104; x_wconf 88' lang='lat' dir='ltr'>in</span> <span class='ocrx_word' id='word_1_99' title='bbox 349 2045 480 2105; x_wconf 88' lang='lat' dir='ltr'>medium</span> <span class='ocrx_word' id='word_1_100' title='bbox 504 2044 590 2104; x_wconf 84' lang='lat' dir='ltr'>Pario</span> <span class='ocrx_word' id='word_1_101' title='bbox 615 2044 650 2104; x_wconf 89' lang='lat' dir='ltr'>de</span> <span class='ocrx_word' id='word_1_102' title='bbox 675 2063 822 2104; x_wconf 84' lang='lat' dir='ltr'>marmore</span> <span class='ocrx_word' id='word_1_103' title='bbox 847 2044 916 2105; x_wconf 83' lang='lat' dir='ltr'>secti</span> 
     </span>
    </p>

    <p class='ocr_par' dir='ltr' id='par_1_11' title="bbox 195 2132 1072 2284">
     <span class='ocr_line' id='line_1_18' title="bbox 197 2132 1072 2213; baseline 0.001 -19"><span class='ocrx_word' id='word_1_104' title='bbox 197 2133 283 2195; x_wconf 82' lang='lat' dir='ltr'>Stant</span> <span class='ocrx_word' id='word_1_105' title='bbox 306 2142 409 2194; x_wconf 84' lang='lat' dir='ltr'>contro</span> <span class='ocrx_word' id='word_1_106' title='bbox 432 2134 578 2213; x_wconf 83' lang='lat' dir='ltr'>Phrygius</span> <span class='ocrx_word' id='word_1_107' title='bbox 602 2132 712 2193; x_wconf 88' lang='lat' dir='ltr'>llcctor</span> <span class='ocrx_word' id='word_1_108' title='bbox 735 2133 781 2193; x_wconf 87' lang='lat' dir='ltr'>vel</span> <span class='ocrx_word' id='word_1_109' title='bbox 805 2133 911 2194; x_wconf 82' lang='lat' dir='ltr'>Graius</span> <span class='ocrx_word' id='word_1_110' title='bbox 934 2134 1072 2196; x_wconf 78' lang='lat' dir='ltr'>Achilles,</span> 
     </span>
     <span class='ocr_line' id='line_1_19' title="bbox 195 2222 966 2284; baseline 0.001 -2"><span class='ocrx_word' id='word_1_111' title='bbox 195 2222 361 2283; x_wconf 84' lang='lat' dir='ltr'>Priamidae</span> <span class='ocrx_word' id='word_1_112' title='bbox 386 2230 512 2284; x_wconf 80' lang='lat' dir='ltr'>statuam</span> <span class='ocrx_word' id='word_1_113' title='bbox 537 2222 588 2282; x_wconf 87' lang='lat' dir='ltr'>sed</span> <span class='ocrx_word' id='word_1_114' title='bbox 613 2241 701 2283; x_wconf 90' lang='lat' dir='ltr'>verus</span> <span class='ocrx_word' id='word_1_115' title='bbox 726 2223 818 2282; x_wconf 86' lang='lat' dir='ltr'>sudor</span> <span class='ocrx_word' id='word_1_116' title='bbox 840 2222 966 2283; x_wconf 84' lang='lat' dir='ltr'>inundat</span> 
     </span>
    </p>

    <p class='ocr_par' dir='ltr' id='par_1_12' title="bbox 196 2310 947 2373">
     <span class='ocr_line' id='line_1_20' title="bbox 196 2310 947 2373; baseline 0 -1"><span class='ocrx_word' id='word_1_117' title='bbox 196 2312 235 2372; x_wconf 88' lang='lat' dir='ltr'>Et</span> <span class='ocrx_word' id='word_1_118' title='bbox 258 2311 364 2372; x_wconf 82' lang='lat' dir='ltr'>salsum</span> <span class='ocrx_word' id='word_1_119' title='bbox 388 2312 476 2373; x_wconf 89' lang='lat' dir='ltr'>tictus</span> <span class='ocrx_word' id='word_1_120' title='bbox 499 2311 610 2372; x_wconf 85' lang='lat' dir='ltr'>Hector</span> <span class='ocrx_word' id='word_1_121' title='bbox 634 2312 773 2372; x_wconf 78' lang='lat' dir='ltr'>formidat</span> <span class='ocrx_word' id='word_1_122' title='bbox 795 2310 947 2372; x_wconf 81' lang='lat' dir='ltr'>Achillem.</span> 
     </span>
    </p>

    <p class='ocr_par' dir='ltr' id='par_1_13' title="bbox 196 2400 1196 2569">
     <span class='ocr_line' id='line_1_21' title="bbox 196 2400 1196 2480; baseline -0.001 -18"><span class='ocrx_word' id='word_1_123' title='bbox 196 2400 304 2462; x_wconf 90' lang='lat' dir='ltr'>Nescio</span> <span class='ocrx_word' id='word_1_124' title='bbox 329 2400 399 2480; x_wconf 90' lang='lat' dir='ltr'>quid</span> <span class='ocrx_word' id='word_1_125' title='bbox 423 2404 532 2461; x_wconf 88' lang='lat' dir='ltr'>mirum</span> <span class='ocrx_word' id='word_1_126' title='bbox 555 2409 714 2479; x_wconf 84' lang='lat' dir='ltr'>gesserunt</span> <span class='ocrx_word' id='word_1_127' title='bbox 736 2401 860 2460; x_wconf 81' lang='lat' dir='ltr'>Tartaro</span> <span class='ocrx_word' id='word_1_128' title='bbox 885 2401 995 2462; x_wconf 84' lang='lat' dir='ltr'>saeclo:</span> <span class='ocrx_word' id='word_1_129' title='bbox 1180 2411 1196 2461; x_wconf 77' lang='grc' dir='ltr'><strong>ὅ</strong></span> 
     </span>
     <span class='ocr_line' id='line_1_22' title="bbox 197 2489 1105 2569; baseline 0 -19"><span class='ocrx_word' id='word_1_130' title='bbox 197 2489 292 2551; x_wconf 80' lang='lat' dir='ltr'>Credo</span> <span class='ocrx_word' id='word_1_131' title='bbox 317 2489 396 2568; x_wconf 88' lang='lat' dir='ltr'>quod</span> <span class='ocrx_word' id='word_1_132' title='bbox 420 2499 472 2550; x_wconf 83' lang='lat' dir='ltr'>aut</span> <span class='ocrx_word' id='word_1_133' title='bbox 495 2490 598 2569; x_wconf 84' lang='lat' dir='ltr'>superi</span> <span class='ocrx_word' id='word_1_134' title='bbox 621 2491 733 2549; x_wconf 84' lang='lat' dir='ltr'>animas</span> <span class='ocrx_word' id='word_1_135' title='bbox 757 2497 825 2568; x_wconf 86' lang='lat' dir='ltr'>post</span> <span class='ocrx_word' id='word_1_136' title='bbox 848 2490 953 2550; x_wconf 76' lang='lat' dir='ltr'>itinera</span> <span class='ocrx_word' id='word_1_137' title='bbox 977 2490 1105 2551; x_wconf 85' lang='lat' dir='ltr'>reddunt</span> 
     </span>
    </p>

    <p class='ocr_par' dir='ltr' id='par_1_14' title="bbox 197 2577 974 2657">
     <span class='ocr_line' id='line_1_23' title="bbox 197 2577 974 2657; baseline 0.001 -19"><span class='ocrx_word' id='word_1_138' title='bbox 197 2579 257 2639; x_wconf 80' lang='lat' dir='ltr'>hut</span> <span class='ocrx_word' id='word_1_139' title='bbox 280 2596 328 2639; x_wconf 83' lang='lat' dir='ltr'>ars</span> <span class='ocrx_word' id='word_1_140' title='bbox 351 2580 426 2639; x_wconf 86' lang='lat' dir='ltr'>mira</span> <span class='ocrx_word' id='word_1_141' title='bbox 450 2588 550 2657; x_wconf 81' lang='lat' dir='ltr'>potest</span> <span class='ocrx_word' id='word_1_142' title='bbox 572 2577 668 2656; x_wconf 86' lang='lat' dir='ltr'>legem</span> <span class='ocrx_word' id='word_1_143' title='bbox 692 2587 808 2639; x_wconf 74' lang='lat' dir='ltr'>mittere</span> <span class='ocrx_word' id='word_1_144' title='bbox 833 2577 974 2640; x_wconf 85' lang='lat' dir='ltr'>barathri.</span> 
     </span>
    </p>
   </div>
   <div class='ocr_carea' id='block_1_8' title="bbox 199 2767 1163 2911">
    <p class='ocr_par' dir='ltr' id='par_1_15' title="bbox 199 2767 1163 2911">
     <span class='ocr_line' id='line_1_24' title="bbox 270 2767 1163 2837; baseline 0.004 -18"><span class='ocrx_word' id='word_1_145' title='bbox 270 2772 368 2821; x_wconf 87' lang='lat' dir='ltr'>3cum</span> <span class='ocrx_word' id='word_1_146' title='bbox 388 2786 419 2836; x_wconf 88' lang='lat' dir='ltr'>n,</span> <span class='ocrx_word' id='word_1_147' title='bbox 438 2784 488 2822; x_wconf 82' lang='lat' dir='ltr'>oin.</span> <span class='ocrx_word' id='word_1_148' title='bbox 508 2767 536 2821; x_wconf 98' lang='lat' dir='ltr'><strong><em>A</em></strong></span> <span class='ocrx_word' id='word_1_149' title='bbox 573 2768 715 2821; x_wconf 81' lang='lat' dir='ltr'>sofismaie</span> <span class='ocrx_word' id='word_1_150' title='bbox 735 2783 817 2821; x_wconf 88' lang='lat' dir='ltr'>uerus</span> <span class='ocrx_word' id='word_1_151' title='bbox 836 2767 864 2821; x_wconf 94' lang='lat' dir='ltr'><strong><em>A</em></strong></span> <span class='ocrx_word' id='word_1_152' title='bbox 946 2768 1029 2821; x_wconf 73' lang='lat' dir='ltr'>luel</span> <span class='ocrx_word' id='word_1_153' title='bbox 1048 2770 1077 2836; x_wconf 89' lang='lat' dir='ltr'>(i.</span> <span class='ocrx_word' id='word_1_154' title='bbox 1093 2785 1114 2823; x_wconf 83' lang='lat' dir='ltr'>e.</span> <span class='ocrx_word' id='word_1_155' title='bbox 1128 2768 1163 2837; x_wconf 75' lang='lat' dir='ltr'>et)</span> 
     </span>
     <span class='ocr_line' id='line_1_25' title="bbox 199 2836 665 2911; baseline 0 -18"><span class='ocrx_word' id='word_1_156' title='bbox 199 2838 227 2893; x_wconf 92' lang='lat' dir='ltr'><strong><em>A</em></strong></span> <span class='ocrx_word' id='word_1_157' title='bbox 246 2841 275 2892; x_wconf 81' lang='lat' dir='ltr'>et</span> <span class='ocrx_word' id='word_1_158' title='bbox 294 2838 393 2909; x_wconf 78' lang='lat' dir='ltr'>Meyer</span> <span class='ocrx_word' id='word_1_159' title='bbox 448 2836 618 2911; x_wconf 62' lang='lat' dir='ltr'>dpeooifgq3</span> <span class='ocrx_word' id='word_1_160' title='bbox 637 2839 665 2893; x_wconf 92' lang='lat' dir='ltr'><strong><em>A</em></strong></span> 
     </span>
    </p>
   </div>
   <div class='ocr_carea' id='block_1_9' title="bbox 198 2926 1163 3065">
    <p class='ocr_par' dir='ltr' id='par_1_16' title="bbox 198 2926 1163 3065">
     <span class='ocr_line' id='line_1_26' title="bbox 270 2926 1163 2982; baseline -0.001 -1"><span class='ocrx_word' id='word_1_161' title='bbox 270 2926 337 2982; x_wconf 77' lang='lat' dir='ltr'>tto.</span> <span class='ocrx_word' id='word_1_162' title='bbox 358 2932 372 2979; x_wconf 90' lang='lat'>1</span> <span class='ocrx_word' id='word_1_163' title='bbox 393 2927 453 2980; x_wconf 78' lang='lat' dir='ltr'>orto</span> <span class='ocrx_word' id='word_1_164' title='bbox 472 2927 500 2981; x_wconf 98' lang='lat' dir='ltr'><strong><em>A</em></strong></span> <span class='ocrx_word' id='word_1_165' title='bbox 519 2929 582 2980; x_wconf 77' lang='lat' dir='ltr'>ortu</span> <span class='ocrx_word' id='word_1_166' title='bbox 601 2946 619 2981; x_wconf 88' lang='lat' dir='ltr'>n</span> <span class='ocrx_word' id='word_1_167' title='bbox 669 2928 831 2981; x_wconf 74' lang='lat' dir='ltr'>iunamA</span> <span class='ocrx_word' id='word_1_168' title='bbox 867 2926 1022 2981; x_wconf 80' lang='lat' dir='ltr'>malluiiA</span> <span class='ocrx_word' id='word_1_169' title='bbox 1073 2926 1163 2982; x_wconf 76' lang='lat' dir='ltr'>esed</span> 
     </span>
     <span class='ocr_line' id='line_1_27' title="bbox 198 2996 1120 3065; baseline 0 -12"><span class='ocrx_word' id='word_1_170' title='bbox 198 2998 226 3053; x_wconf 89' lang='lat' dir='ltr'><strong><em>A</em></strong></span> <span class='ocrx_word' id='word_1_171' title='bbox 244 2996 298 3051; x_wconf 87' lang='lat' dir='ltr'>Vel</span> <span class='ocrx_word' id='word_1_172' title='bbox 315 2998 457 3053; x_wconf 74' lang='lat' dir='ltr'>Baehrens</span> <span class='ocrx_word' id='word_1_173' title='bbox 507 3002 590 3052; x_wconf 83' lang='lat' dir='ltr'>centu</span> <span class='ocrx_word' id='word_1_174' title='bbox 609 3001 636 3053; x_wconf 91' lang='lat' dir='ltr'><strong><em>A</em></strong></span> <span class='ocrx_word' id='word_1_175' title='bbox 665 3001 778 3052; x_wconf 83' lang='lat' dir='ltr'>centum</span> <span class='ocrx_word' id='word_1_176' title='bbox 801 2998 889 3053; x_wconf 82' lang='lat' dir='ltr'>otiam</span> <span class='ocrx_word' id='word_1_177' title='bbox 908 3020 941 3065; x_wconf 82' lang='grc' dir='ltr'>α,</span> <span class='ocrx_word' id='word_1_178' title='bbox 968 3000 1032 3065; x_wconf 80' lang='lat' dir='ltr'>fort.</span> <span class='ocrx_word' id='word_1_179' title='bbox 1051 3005 1120 3053; x_wconf 80' lang='lat' dir='ltr'>recte</span> 
     </span>
    </p>
   </div>
   <div class='ocr_carea' id='block_1_10' title="bbox 198 3068 1119 3195">
    <p class='ocr_par' dir='ltr' id='par_1_17' title="bbox 198 3068 1119 3195">
     <span class='ocr_line' id='line_1_28' title="bbox 198 3068 1119 3194; baseline 0.004 -73"><span class='ocrx_word' id='word_1_180' title='bbox 198 3075 216 3194; x_wconf 57' lang='grc' dir='ltr'><strong>ἓ</strong></span> <span class='ocrx_word' id='word_1_181' title='bbox 242 3068 444 3194; x_wconf 30' lang='lat' dir='ltr'>hlac‘AAhanc</span> <span class='ocrx_word' id='word_1_182' title='bbox 467 3069 598 3140; x_wconf 78' lang='lat' dir='ltr'>Meyerns</span> <span class='ocrx_word' id='word_1_183' title='bbox 657 3069 748 3124; x_wconf 84' lang='lat' dir='ltr'>omnis</span> <span class='ocrx_word' id='word_1_184' title='bbox 766 3071 794 3123; x_wconf 93' lang='lat' dir='ltr'><strong><em>A</em></strong></span> <span class='ocrx_word' id='word_1_185' title='bbox 822 3069 899 3123; x_wconf 84' lang='lat' dir='ltr'>omni</span> <span class='ocrx_word' id='word_1_186' title='bbox 916 3070 1119 3125; x_wconf 84' lang='lat' dir='ltr'>Boissonodins</span> 
     </span>
     <span class='ocr_line' id='line_1_29' title="bbox 235 3157 312 3195; baseline 0.013 -2"><span class='ocrx_word' id='word_1_187' title='bbox 235 3157 253 3194; x_wconf 83' lang='lat' dir='ltr'>a</span> <span class='ocrx_word' id='word_1_188' title='bbox 265 3157 312 3195; x_wconf 88' lang='lat' dir='ltr'>mu</span> 
     </span>
    </p>
   </div>
   <div class='ocr_carea' id='block_1_11' title="bbox 195 3228 1165 3654">
    <p class='ocr_par' dir='ltr' id='par_1_18' title="bbox 195 3228 1165 3654">
     <span class='ocr_line' id='line_1_30' title="bbox 271 3228 1163 3298; baseline -0.002 -14"><span class='ocrx_word' id='word_1_189' title='bbox 271 3229 340 3285; x_wconf 79' lang='lat' dir='ltr'>tot.</span> <span class='ocrx_word' id='word_1_190' title='bbox 359 3231 391 3283; x_wconf 93' lang='lat' dir='ltr'>in</span> <span class='ocrx_word' id='word_1_191' title='bbox 404 3231 583 3298; x_wconf 73' lang='lat' dir='ltr'>inscriptione</span> <span class='ocrx_word' id='word_1_192' title='bbox 597 3229 658 3283; x_wconf 91' lang='lat' dir='ltr'>illio</span> <span class='ocrx_word' id='word_1_193' title='bbox 673 3229 701 3284; x_wconf 91' lang='lat' dir='ltr'><strong><em>A</em></strong></span> <span class='ocrx_word' id='word_1_194' title='bbox 745 3228 881 3297; x_wconf 70' lang='lat' dir='ltr'>ifrigius</span> <span class='ocrx_word' id='word_1_195' title='bbox 901 3230 929 3283; x_wconf 92' lang='lat' dir='ltr'><strong><em>A</em></strong></span> <span class='ocrx_word' id='word_1_196' title='bbox 979 3228 1163 3283; x_wconf 80' lang='lat' dir='ltr'>3Priamiies</span> 
     </span>
     <span class='ocr_line' id='line_1_31' title="bbox 198 3299 1165 3373; baseline 0 -18"><span class='ocrx_word' id='word_1_197' title='bbox 198 3301 227 3355; x_wconf 93' lang='lat' dir='ltr'><strong><em>A</em></strong></span> <span class='ocrx_word' id='word_1_198' title='bbox 245 3299 406 3354; x_wconf 77' lang='lat' dir='ltr'>Priamidae</span> <span class='ocrx_word' id='word_1_199' title='bbox 425 3301 585 3373; x_wconf 62' lang='lat' dir='ltr'>Petschenig]</span> <span class='ocrx_word' id='word_1_200' title='bbox 603 3299 670 3354; x_wconf 81' lang='lat' dir='ltr'>-idis</span> <span class='ocrx_word' id='word_1_201' title='bbox 689 3319 707 3355; x_wconf 85' lang='lat' dir='ltr'><strong><em>a</em></strong></span> <span class='ocrx_word' id='word_1_202' title='bbox 753 3306 770 3354; x_wconf 82' lang='lat' dir='ltr'>t</span> <span class='ocrx_word' id='word_1_203' title='bbox 788 3300 890 3367; x_wconf 68' lang='lat' dir='ltr'>fidolus</span> <span class='ocrx_word' id='word_1_204' title='bbox 905 3302 933 3353; x_wconf 94' lang='lat' dir='ltr'><strong><em>A</em></strong></span> <span class='ocrx_word' id='word_1_205' title='bbox 951 3319 984 3355; x_wconf 87' lang='lat' dir='ltr'>m.</span> <span class='ocrx_word' id='word_1_206' title='bbox 1004 3308 1036 3356; x_wconf 84' lang='lat' dir='ltr'>ni</span> <span class='ocrx_word' id='word_1_207' title='bbox 1053 3302 1165 3356; x_wconf 81' lang='lat' dir='ltr'>nidrtnr</span> 
     </span>
     <span class='ocr_line' id='line_1_32' title="bbox 195 3371 1116 3441; baseline 0.001 -16"><span class='ocrx_word' id='word_1_208' title='bbox 195 3390 240 3441; x_wconf 73' lang='lat' dir='ltr'>pr.</span> <span class='ocrx_word' id='word_1_209' title='bbox 314 3377 330 3425; x_wconf 78' lang='lat' dir='ltr'>d</span> <span class='ocrx_word' id='word_1_210' title='bbox 350 3371 419 3425; x_wconf 85' lang='lat' dir='ltr'>sello</span> <span class='ocrx_word' id='word_1_211' title='bbox 438 3371 479 3440; x_wconf 85' lang='lat' dir='ltr'>A,</span> <span class='ocrx_word' id='word_1_212' title='bbox 502 3390 570 3427; x_wconf 82' lang='lat' dir='ltr'>corr.</span> <span class='ocrx_word' id='word_1_213' title='bbox 591 3391 609 3426; x_wconf 88' lang='lat' dir='ltr'>n</span> <span class='ocrx_word' id='word_1_214' title='bbox 659 3375 804 3426; x_wconf 81' lang='lat' dir='ltr'>cesserunt</span> <span class='ocrx_word' id='word_1_215' title='bbox 821 3402 857 3411; x_wconf 94' lang='lat'>—</span> <span class='ocrx_word' id='word_1_216' title='bbox 875 3371 954 3425; x_wconf 81' lang='lat' dir='ltr'>caelo</span> <span class='ocrx_word' id='word_1_217' title='bbox 973 3373 1116 3440; x_wconf 78' lang='lat' dir='ltr'>Klnppino</span> 
     </span>
     <span class='ocr_line' id='line_1_33' title="bbox 200 3440 1165 3512; baseline -0.003 -13"><span class='ocrx_word' id='word_1_218' title='bbox 200 3447 216 3499; x_wconf 85' lang='grc'><strong>6</strong></span> <span class='ocrx_word' id='word_1_219' title='bbox 236 3440 344 3511; x_wconf 79' lang='lat' dir='ltr'>superis</span> <span class='ocrx_word' id='word_1_220' title='bbox 359 3441 468 3496; x_wconf 77' lang='lat' dir='ltr'>enimes</span> <span class='ocrx_word' id='word_1_221' title='bbox 484 3447 509 3497; x_wconf 91' lang='lat' dir='ltr'><strong><em>A</em></strong></span> <span class='ocrx_word' id='word_1_222' title='bbox 530 3442 639 3496; x_wconf 77' lang='lat' dir='ltr'>animas</span> <span class='ocrx_word' id='word_1_223' title='bbox 654 3443 748 3512; x_wconf 85' lang='lat' dir='ltr'>superi</span> <span class='ocrx_word' id='word_1_224' title='bbox 762 3444 796 3498; x_wconf 90' lang='lat' dir='ltr'>L.</span> <span class='ocrx_word' id='word_1_225' title='bbox 812 3441 972 3498; x_wconf 82' lang='lat' dir='ltr'>Mneiierno.</span> <span class='ocrx_word' id='word_1_226' title='bbox 1006 3443 1059 3498; x_wconf 81' lang='lat' dir='ltr'>Sed</span> <span class='ocrx_word' id='word_1_227' title='bbox 1072 3445 1165 3498; x_wconf 82' lang='lat' dir='ltr'>hintno</span> 
     </span>
     <span class='ocr_line' id='line_1_34' title="bbox 199 3513 1105 3580; baseline 0.001 -13"><span class='ocrx_word' id='word_1_228' title='bbox 199 3513 358 3568; x_wconf 72' lang='lat' dir='ltr'>internodio</span> <span class='ocrx_word' id='word_1_229' title='bbox 385 3521 431 3568; x_wconf 79' lang='lat' dir='ltr'>est.</span> <span class='ocrx_word' id='word_1_230' title='bbox 479 3515 551 3569; x_wconf 85' lang='lat' dir='ltr'>‘Ant</span> <span class='ocrx_word' id='word_1_231' title='bbox 577 3515 622 3569; x_wconf 86' lang='lat' dir='ltr'>dei</span> <span class='ocrx_word' id='word_1_232' title='bbox 649 3522 698 3569; x_wconf 82' lang='lat' dir='ltr'>ant</span> <span class='ocrx_word' id='word_1_233' title='bbox 726 3532 773 3569; x_wconf 85' lang='lat' dir='ltr'>ars</span> <span class='ocrx_word' id='word_1_234' title='bbox 799 3515 949 3580; x_wconf 73' lang='lat' dir='ltr'>nidificant</span> <span class='ocrx_word' id='word_1_235' title='bbox 974 3515 1105 3569; x_wconf 82' lang='lat' dir='ltr'>mortnos’</span> 
     </span>
     <span class='ocr_line' id='line_1_35' title="bbox 201 3584 917 3654; baseline 0.004 -19"><span class='ocrx_word' id='word_1_236' title='bbox 201 3588 216 3636; x_wconf 82' lang='lat'>&#39;1</span> <span class='ocrx_word' id='word_1_237' title='bbox 235 3584 330 3651; x_wconf 79' lang='lat' dir='ltr'>potest</span> <span class='ocrx_word' id='word_1_238' title='bbox 348 3600 417 3639; x_wconf 82' lang='lat' dir='ltr'>oon.</span> <span class='ocrx_word' id='word_1_239' title='bbox 436 3601 470 3638; x_wconf 78' lang='lat' dir='ltr'>ec</span> <span class='ocrx_word' id='word_1_240' title='bbox 487 3586 567 3654; x_wconf 77' lang='lat' dir='ltr'>possi</span> <span class='ocrx_word' id='word_1_241' title='bbox 584 3585 613 3638; x_wconf 88' lang='lat' dir='ltr'><strong><em>A</em></strong></span> <span class='ocrx_word' id='word_1_242' title='bbox 630 3604 664 3641; x_wconf 79' lang='lat' dir='ltr'>ni.</span> <span class='ocrx_word' id='word_1_243' title='bbox 679 3603 725 3654; x_wconf 76' lang='lat' dir='ltr'>pr.</span> <span class='ocrx_word' id='word_1_244' title='bbox 762 3584 870 3639; x_wconf 73' lang='lat' dir='ltr'>ueratri</span> <span class='ocrx_word' id='word_1_245' title='bbox 888 3585 917 3638; x_wconf 88' lang='lat' dir='ltr'><strong><em>A</em></strong></span> 
     </span>
    </p>
   </div>
   <div class='ocr_carea' id='block_1_12' title="bbox 0 0 1340 3926">
    <p class='ocr_par' dir='ltr' id='par_1_19' title="bbox 0 0 1340 3926">
     <span class='ocr_line' id='line_1_36' title="bbox 0 0 1340 3926; baseline 0 0"><span class='ocrx_word' id='word_1_246' title='bbox 0 0 1340 3926; x_wconf 95' lang='lat' dir='ltr'> </span> 
     </span>
    </p>
   </div>
  </div>
 </body>
</html>
