2646 3920
216 166 294 221 XXX
593 164 799 221 PRAEFATIO

216 333 503 396 industriosissimus
531 335 665 413 scripsit,
698 335 784 394 cuius
817 340 863 393 est
890 331 1091 411 anacyclicum
1118 351 1182 393 car-

217 439 284 482 men
310 419 361 484 82.
406 420 549 482 Eiusdem
573 440 663 500 porro
690 429 720 481 et
742 421 850 482 indolis
874 431 905 482 ct
927 421 1053 481 iortassc
1077 424 1183 483 aetatis

220 510 406 588 [Lactantius
431 510 551 589 quidem
573 511 696 571 fratrem
714 509 842 571 babebat
859 508 1050 587 Pentadium]
1070 512 1183 572 Penta-

217 603 287 662 dius
320 608 378 680 est,
411 618 500 678 quem
532 608 690 679 postquam
720 598 861 660 Bartbius
898 600 1007 679 aliique
1044 599 1184 678 plurimis

216 687 398 750 carminibus
427 700 639 769 oneraverunt,
669 707 748 749 nnnc
777 688 895 748 demum
925 688 995 768 quid
1025 690 1090 748 eius
1114 706 1181 750 esse

216 778 358 839 traditum
386 779 426 838 sit
453 773 494 857 (c.
512 773 704 859 eac-2353
727 773 934 859 265-268),
962 779 994 837 in
1017 787 1182 857 conspectu

214 869 346 947 positum
371 866 466 948 vides,
497 866 611 927 nullum
635 876 734 927 autem
758 884 892 946 carmen,
916 866 995 945 quod
1019 884 1079 926 non
1102 866 1182 927 dica-

216 966 266 1017 tur
289 958 354 1016 eins
377 973 444 1016 esse
467 957 498 1016 in
518 957 553 1032 Α,
575 958 608 1015 in
631 955 696 1015 aliis
719 954 803 1015 libris
827 958 855 1016 ei
874 954 1026 1016 tribuitur.
1045 987 1083 999 —
1105 954 1180 1033 [lam

215 1062 284 1105 cum
307 1052 464 1123 poetarum
493 1045 684 1122 antiquorum
712 1046 923 1123 epigrammata
947 1044 996 1104 bic
1018 1043 1079 1104 illic
1101 1047 1182 1105 inter

215 1135 347 1194 novicios
371 1150 473 1212 sparsa
496 1133 673 1213 viderimus,
697 1135 796 1194 minus
819 1132 970 1212 probabile
999 1131 1180 1214 putabimus,

214 1223 328 1301 primos
352 1223 539 1300 potissimum
562 1221 748 1301 anthologiae
776 1221 868 1283 libros
895 1240 976 1282 nunc
1008 1221 1180 1299 deperditos

216 1313 291 1390 ipsis
314 1312 443 1390 antiquis
467 1310 581 1371 dicatos
605 1309 720 1388 luisse]

284 1399 360 1478 [Hoc
387 1399 506 1460 tandem
534 1398 599 1460 loco
623 1399 660 1460 de
683 1401 760 1460 miro
784 1399 912 1479 quodam
934 1398 1110 1460 Baehrensii
1134 1418 1180 1460 er·

214 1507 283 1549 rore
307 1489 466 1550 dicendum
489 1497 548 1570 est,
577 1490 629 1568 qni
656 1490 738 1549 omni
766 1492 831 1550 eins
862 1506 970 1567 operae
997 1506 1104 1566 magno
1133 1497 1180 1549 est

215 1579 404 1639 detrimento.
445 1576 474 1638 ls
498 1596 534 1639 ex
552 1597 578 1639 c.
600 1575 640 1639 19
661 1574 702 1659 (p.
723 1575 765 1639 82
775 1572 854 1659 sqq.)
878 1578 998 1639 efficere
1021 1576 1079 1637 sibi
1096 1579 1178 1638 visus

214 1677 261 1727 est
274 1665 361 1727 PLM
375 1664 412 1727 lV
426 1685 455 1745 p.
469 1664 512 1728 28
523 1684 596 1746 sqq,
616 1685 680 1727 cam
695 1660 932 1746 ‘praelationem'
951 1666 988 1727 ab
1007 1665 1179 1727 adulescen-

213 1754 276 1816 tulo
301 1749 463 1839 (courumo
484 1774 575 1816 sensu
595 1752 705 1836 83,10
725 1755 878 1832 sellibrem
901 1754 953 1835 83,
967 1748 1026 1837 20)
1050 1773 1085 1815 eo
1109 1773 1178 1816 con·

214 1844 280 1905 silio
309 1846 449 1922 scriptam
478 1861 558 1924 csse,
590 1853 624 1904 ut
655 1854 724 1922 post
751 1854 868 1905 veteres
898 1853 1001 1923 poetas
1028 1842 1178 1905 Romanos

215 1950 289 2012 qnos
309 1943 394 1993 antea
413 1935 571 2011 separatim
594 1932 748 2012 collegerit
771 1931 855 2011 (post
878 1938 1004 1994 arcitum
1027 1935 1179 1995 Nasonem

215 2019 267 2102 82,
287 2019 323 2103 4,
355 2025 457 2082 auitos
485 2024 613 2083 diribitae
641 2018 697 2103 82,
715 2016 753 2104 4)
785 2019 844 2082 iam
876 2024 977 2083 iussus
1010 2040 1026 2082 a
1058 2022 1177 2083 domiuo

213 2112 315 2172 nescio
339 2128 398 2189 quo
422 2128 514 2170 novos
537 2120 640 2189 poetas
663 2111 818 2172 Africanos
847 2119 1039 2190 conponeret.
1084 2112 1178 2190 Atqui

214 2217 282 2260 cum
310 2217 431 2260 carmen
457 2201 618 2278 insequens
643 2198 686 2261 20
709 2200 745 2261 ab
770 2199 929 2261 Octaviano
954 2196 1033 2260 ‘viro
1057 2199 1178 2261 inlustri

213 2307 359 2350 annorum
391 2284 472 2347 XVl'
509 2290 713 2368 conscriptum
750 2290 805 2370 sit,
843 2307 911 2350 eum
947 2291 1047 2367 ipsum
1085 2289 1177 2349 luisse

213 2377 468 2439 adulescentulum
497 2379 562 2438 eius
590 2377 777 2457 anthologiae
801 2386 967 2456 auctorem,
991 2379 1078 2438 euius
1100 2376 1177 2438 lace·

212 2486 280 2527 rum
307 2466 457 2545 exemplar
489 2476 661 2546 superesset
694 2470 725 2527 in
753 2469 789 2528 Α.
841 2466 948 2527 Verum
976 2465 1178 2528 lundamentis

212 2558 318 2618 nititur
340 2555 516 2616 Baehrensii
539 2558 639 2634 opinio
662 2557 874 2616 infirmissimis
894 2554 937 2614 vel
958 2557 1057 2633 potins
1076 2554 1175 2617 uallis.

212 2644 286 2704 Nam
310 2655 344 2705 ut
366 2654 489 2724 taccam,
512 2643 735 2705 adulescentulo
759 2662 904 2704 annornm
923 2643 988 2705 XVI
1009 2642 1076 2704 talia
1097 2662 1177 2704 com-

212 2735 291 2793 mitti
313 2751 373 2793 non
397 2733 493 2793 solere
511 2766 549 2777 -
567 2736 653 2794 cuius
675 2736 829 2812 inceptum
851 2733 898 2792 vel
921 2735 1049 2793 maximo
1068 2732 1175 2812 plausu

212 2820 471 2900 Carthaginienses
495 2831 671 2900 prosecutos
690 2840 756 2883 esse
775 2821 806 2883 B.
825 2840 853 2901 p.
868 2818 910 2884 51
936 2825 1083 2903 opinatur,
1106 2840 1175 2882 cum

211 2920 311 2970 tamen
339 2928 367 2988 p.
390 2907 482 2990 itt
511 2910 640 2970 eundem
672 2930 711 2971 ne
738 2913 897 2990 perspicue
926 2911 1047 2989 quidem
1075 2911 1175 2971 dicere

211 2999 346 3077 potuisse
376 3016 451 3077 quae
479 2998 606 3060 obscure
635 3002 761 3060 sentiret
787 2999 952 3060 barioletur
979 3032 1023 3042 -
1046 3008 1077 3060 et
1104 3017 1176 3061 con·

211 3105 318 3148 rumas
342 3087 413 3166 quid
432 3090 471 3148 sit
488 3092 622 3166 ignotum
648 3097 702 3168 est,
726 3099 756 3150 et
771 3088 924 3165 sellibrem
945 3106 1005 3148 non
1029 3088 1176 3167 significat

211 3171 378 3237 ‘infantem’
407 3178 465 3237 nisi
493 3195 528 3237 ex
556 3176 730 3238 Raebrensii
757 3181 942 3258 coniectura,
970 3195 1046 3256 quae
1074 3176 1119 3236 vel
1149 3180 1175 3237 si

210 3274 293 3326 recte
321 3283 352 3326 se
380 3264 517 3347 baberet,
545 3284 604 3327 non
634 3269 698 3345 ipse
726 3275 806 3327 esset
835 3261 966 3328 ‘recens’
990 3266 1042 3326 sed
1063 3265 1174 3342 favore

211 3354 362 3416 frueretur
385 3359 505 3417 receuti
526 3348 608 3438 (vide
632 3353 684 3436 88,
698 3352 771 3437 20),
799 3364 830 3416 et
853 3358 954 3416 enites
977 3357 1105 3416 diribitae
1128 3353 1173 3414 vel

210 3445 311 3522 potius
338 3446 475 3505 diribute
503 3446 677 3521 (separatu)
706 3443 748 3505 nil
779 3444 851 3505 dicit
879 3446 937 3505 nisi
968 3445 1175 3522 antiquitatem

210 3531 247 3592 ab
275 3534 371 3611 ipsius
398 3535 486 3612 nugis
514 3533 639 3593 alienam
667 3551 733 3594 esse
762 3536 865 3614 eisque
893 3532 979 3612 longe
1007 3539 1174 3613 praestare;
