2672 3924
455 197 595 255 conteis
614 197 776 253 Panlstur
795 203 874 253 sou.
1081 196 1145 262 301

179 365 265 437 Quod
290 366 418 447 caelum,
447 365 525 444 quod
551 374 631 426 terra
655 374 746 445 tenet,
769 365 849 443 quod
873 366 1002 426 sustinet
1025 382 1147 445 aequor.

179 454 255 516 Hinc
280 455 360 516 calor
383 455 510 528 infusus,
534 462 631 515 totum
656 457 706 533 qui
730 456 864 515 continet
887 453 1001 534 orbem,

126 555 159 604 15
179 543 280 605 Dulcia
305 544 463 605 mellilluae
487 544 558 604 dum
582 544 686 622 pandit
708 560 832 603 munera
856 545 942 604 vitae.

178 635 232 693 hst
255 632 306 693 ubi
330 636 387 694 iarn
411 633 498 692 'l'iian
523 650 664 692 croceum
688 632 864 692 conscendit
886 633 917 691 in
941 631 1045 692 orbem

127 734 160 781 22
180 721 335 783 Fluctibus
359 740 393 782 ac
417 722 544 781 nitidum
569 721 646 781 tollit
669 729 759 799 caput
782 720 902 782 aethera
928 723 958 780 in
982 720 1083 801 altum,

127 823 160 871 17
180 811 293 871 Cuncta
317 820 429 892 patent,
453 829 649 889 quaecunque
672 818 775 870 tacens
799 828 857 870 nox
881 809 1029 871 clauserat
1047 817 1119 890 atra,

179 898 218 960 itt
242 900 331 959 silvae
355 901 511 979 campique
536 901 633 959 virent
656 910 686 960 et
709 899 800 959 florea
823 917 903 960 rura.

180 988 265 1048 Tunc
289 987 438 1066 placidum
462 990 539 1048 iacet
568 1006 655 1047 omne
683 1005 764 1048 mare
789 995 819 1048 et
842 986 1036 1048 vernantibus
1059 986 1148 1048 undis

127 1089 161 1138 2ο
182 1076 330 1138 Flumina:
355 1094 409 1156 per
432 1075 577 1137 tremulos
600 1078 697 1138 currit
719 1077 769 1137 lux
793 1096 882 1137 aurea
906 1076 1024 1137 fluctuo.

126 1178 160 1226 21
183 1164 233 1225 Sic
257 1168 334 1244 regit
358 1168 516 1244 imperium
540 1165 653 1246 mundi,
677 1168 720 1227 sic
744 1175 878 1244 tempora
902 1168 1006 1226 sancit.

126 1253 248 1316 231101
271 1265 370 1315 tamen
395 1255 545 1333 alipedum
568 1257 746 1334 gemmantia
768 1254 831 1315 lora
855 1257 1097 1334 rigescunt...

180 1342 298 1404 Aureus
322 1345 385 1404 axis
409 1346 496 1427 inest,
521 1363 629 1405 currus
652 1344 782 1405 ardescit
805 1344 841 1404 ab
865 1362 947 1422 auro,
1158 1346 1161 1351 '

127 1445 160 1493 25
180 1429 268 1494 Dum
291 1436 389 1512 pretio
413 1432 531 1512 fulgens
555 1436 690 1494 inritatur
712 1432 824 1493 lumina
847 1432 969 1493 Phoebi.

181 1519 248 1582 Hic
272 1522 352 1582 solus
376 1524 457 1601 viget
480 1521 552 1581 orbe
578 1521 660 1601 deus,
685 1540 774 1600 quem
798 1539 922 1581 cernere
946 1520 1032 1582 nobis

180 1607 250 1672 Fas
272 1609 370 1673 uiuus
392 1612 444 1685 esi,
468 1608 605 1687 mireque
626 1607 715 1672 iuuat
736 1628 791 1689 per
813 1609 905 1670 ssorea
929 1628 1009 1670 rura.

182 1696 208 1760 O
232 1697 349 1760 tur'rum
371 1697 498 1761 uirtutis
521 1692 606 1779 opus,
630 1699 710 1777 quod
732 1698 849 1759 flamma
874 1697 1033 1778 gubernat!

181 1785 331 1849 Necnon
353 1789 422 1866 igne
447 1806 501 1848 suo
526 1796 660 1866 praestat
684 1806 754 1848 cum
777 1787 889 1849 lumine
914 1806 1030 1870 sensus,

99 1906 101 1909 v
127 1890 161 1938 30
180 1872 268 1938 Hinc
290 1894 409 1956 corpus,
432 1876 503 1937 hinc
529 1878 587 1938 vita
612 1877 699 1956 redit,
722 1877 793 1938 hinc
817 1887 924 1939 cuncta
947 1887 1118 1957 resurgunt.

181 1963 329 2045 Namque
354 1965 443 2026 docet
465 1965 608 2046 Phoenix,
633 1969 710 2027 ustis
733 1975 870 2046 reparata
894 1967 1000 2028 favillis

182 2049 293 2115 Onuu'a
316 2053 454 2115 Phoebeo
479 2057 631 2116 vivescere
656 2074 782 2135 corpora
805 2065 897 2118 tactu.

180 2140 272 2204 Haec
295 2146 384 2203 vitant
410 2143 446 2204 de
470 2153 567 2204 morte
591 2146 676 2225 petit,
698 2152 768 2224 post
791 2145 849 2205 laia
873 2147 1014 2226 vigorem,

181 2228 333 2293 Nascitur
357 2242 390 2292 ut
413 2241 525 2313 pereat,
550 2235 630 2312 perit
652 2242 686 2294 ut
709 2243 850 2295 nascatur
873 2233 910 2294 ab
933 2236 1004 2314 igni,

254 2425 287 2473 13
306 2422 376 2488 quot
400 2428 441 2476 ter
463 2421 610 2491 Hauptius
683 2428 718 2476 14
735 2422 878 2477 infusnsus
897 2424 925 2478 Β
999 2428 1032 2477 15
1051 2440 1101 2479 om.
1121 2425 1148 2478 Β

181 2490 289 2545 claudii
308 2492 335 2546 L
353 2490 456 2561 pandit
474 2493 615 2548 Baehrens
632 2493 727 2548 fundit
745 2494 891 2564 Hauplius
963 2501 997 2548 16
1016 2512 1065 2550 om.
1085 2496 1113 2550 Β

182 2563 249 2618 Huc
263 2565 423 2632 transposui
436 2582 464 2619 u.
480 2569 513 2617 22
533 2563 587 2618 hac
602 2566 630 2619 B
667 2565 765 2619 aether
778 2566 839 2619 BL
889 2572 922 2620 17
937 2565 1107 2635 quicumque
1120 2568 1148 2622 Β

181 2637 279 2688 tamen
296 2635 365 2703 BL,
384 2637 491 2690 correxi
541 2635 676 2690 clauserit
693 2638 721 2691 Β
740 2636 896 2690 clausserab
913 2637 941 2690 L
1031 2642 1065 2691 18
1083 2637 1150 2692 Mox

181 2705 242 2760 BL
261 2706 306 2776 (cf.
325 2723 353 2760 u.
369 2708 415 2776 23)
433 2706 471 2760 Et
487 2708 589 2776 scripsi
623 2706 717 2761 uirent
735 2707 762 2761 L
784 2707 878 2762 iurent
896 2709 925 2762 B
998 2714 1031 2763 19
1050 2709 1080 2762 ei
1098 2727 1148 2764 our.

182 2776 210 2829 L
289 2782 324 2830 20
343 2776 450 2831 fructus
469 2778 497 2831 L
583 2783 616 2831 21
635 2778 798 2835 Hic..hic
817 2780 845 2834 A
864 2778 1014 2835 Sic..sic
1029 2787 1099 2849 puto

182 2853 218 2901 24
237 2846 317 2921 equis
331 2849 359 2903 Β
378 2864 484 2916 aequus
499 2849 526 2903 L
545 2847 605 2902 axis
619 2851 809 2906 Burinuuuus.
831 2851 866 2918 ef.
883 2850 965 2906 Ouid.
980 2859 1040 2906 ruet.
1056 2857 1081 2920 2,
1097 2856 1148 2906 107

182 2934 265 2972 curru
282 2919 381 2975 Burin.
433 2936 499 2974 euro
518 2920 592 2989 BL,
614 2938 682 2977 corr.
704 2922 851 2991 Hauptius
941 2927 1045 2976 25-36
1065 2924 1120 2978 iuit

181 3007 312 3045 uersuum
334 2991 452 3061 obliquis
475 2993 575 3047 litteris
598 2993 731 3048 distincta
753 2995 786 3047 iu
807 2993 836 3046 Β
858 2995 915 3048 ium
933 2994 1043 3049 Pitheci
1062 3001 1150 3049 aetate

181 3062 270 3117 deleta
288 3068 368 3117 eraut
440 3067 474 3115 25
494 3062 512 3116 S
532 3103 561 3119 ..
581 3062 639 3127 olio
658 3064 686 3118 Β
704 3063 800 3133 precio
820 3064 846 3118 L
883 3063 1025 3120 emittitur
1041 3066 1070 3119 Β
1106 3065 1149 3118 lu-

181 3166 258 3222 mine
276 3169 304 3223 Β
339 3167 417 3223 neu
434 3170 494 3224 eu
549 3175 583 3223 rc
602 3169 661 3223 uon
679 3169 747 3226 orbe
768 3171 800 3225 as
815 3173 843 3227 Β
899 3178 934 3226 er
952 3170 1050 3240 ireque
1068 3153 1151 3239 tunic

183 3239 220 3306 L,
237 3257 308 3295 corr.
328 3240 474 3310 Hauptius
528 3245 562 3294 29
581 3240 715 3295 Necnon
738 3244 768 3296 eb
784 3242 815 3296 in
831 3241 903 3313 igne
921 3244 948 3297 L
1003 3247 1037 3296 30
1055 3242 1109 3296 Hic
1122 3245 1150 3298 L

181 3308 229 3364 hio
249 3311 277 3365 L
296 3310 373 3380 (hinc
391 3312 430 3378 Β)
447 3310 495 3364 hic
517 3311 580 3366 uita
597 3315 748 3383 resurgunt
766 3314 793 3367 L
810 3312 876 3368 hino
895 3316 997 3368 cuncta
1015 3317 1150 3383 reguntur

182 3381 210 3435 Β
285 3386 318 3435 31
338 3380 444 3451 phenix
462 3384 491 3438 Β
508 3382 586 3437 fenix
604 3383 631 3437 L
684 3384 756 3438 ustis
774 3386 802 3439 L
820 3383 884 3438 istis
902 3386 931 3440 B
997 3389 1031 3439 32
1049 3384 1149 3440 foebeo

182 3452 210 3532 L
245 3451 385 3507 uiuiscere
398 3453 427 3508 Β
487 3458 520 3507 33
539 3453 618 3508 Haec
636 3456 677 3523 L‚·
699 3458 739 3511 sic
757 3458 861 3512 conieci
879 3458 919 3513 ed.
935 3474 981 3526 pr.
1000 3458 1067 3526 post
1088 3457 1150 3511 fata

182 3538 310 3592 uigorem
328 3524 357 3578 Β
429 3529 464 3578 34
482 3526 516 3579 ub
533 3527 667 3581 nascatur
685 3526 722 3581 ab
741 3526 802 3598 igni
820 3529 847 3582 L
927 3532 962 3582 34
979 3529 1094 3586 additus
1112 3536 1151 3586 esi

181 3595 289 3650 inimo
303 3596 412 3667 pagiua
429 3598 457 3651 L
475 3595 598 3668 (Nescit)
