2670 3920
451 186 590 242 coniers
610 187 840 247 SALMASIANI.
1066 191 1130 256 119

91 368 147 422 135
167 355 271 417 Curris
294 362 324 415 et
347 361 495 416 extremas
517 356 606 416 modo
629 357 791 436 naufragus
814 359 922 437 arripis
946 358 1050 419 undas.

167 445 273 507 Tutior
296 462 362 505 esse
386 447 473 505 times
497 453 536 523 et
549 444 675 506 honesta
698 445 831 525 pericula
854 449 962 526 poscis.

167 534 241 596 Cum
266 533 340 594 mala
364 540 430 594 rota
454 537 549 614 cupis,
572 534 654 595 solus
677 535 733 595 tihi
756 535 830 596 dura
853 537 988 615 prolecto

166 624 278 685 Damna
300 641 396 703 paras.
438 623 525 704 iugis,
548 642 618 686 ecce
641 625 720 703 iugis
743 633 921 704 nostrosque
943 635 1067 705 penates

166 713 287 774 Deseris
311 720 341 773 et
364 713 503 772 miseram
527 711 639 792 linquis
662 712 849 793 Carthaginis
872 714 979 796 aulam,

94 816 148 866 140
167 802 249 873 Quae
273 800 329 862 tibi
351 819 443 880 regna
467 801 556 881 dedit,
580 820 665 862 sacro
689 802 853 863 diademate
877 805 977 864 crines

167 891 267 953 Cinxit
289 899 320 951 et
342 899 498 969 augustam
521 900 667 968 gemmato
692 891 790 952 sidere
814 892 942 953 frontem

167 980 322 1060 Conplerit
344 988 541 1058 nostrumque
564 978 620 1040 tihi
642 981 792 1041 commisit
815 999 954 1043 amorem.

164 1066 214 1131 Nil
236 1076 310 1148 puto
333 1071 428 1129 maius
450 1067 543 1129 habes
567 1077 597 1129 et
620 1068 716 1130 adhuc
740 1072 804 1131 sine
828 1072 954 1150 coniuge
978 1088 1094 1151 regnas,

166 1160 287 1220 Aeneas.
302 1161 418 1237 ingrate
442 1176 535 1218 meus.
577 1168 660 1236 regat
683 1160 726 1218 ira
751 1159 863 1220 dolenti

94 1261 148 1313 141
167 1245 343 1309 Consilium!
365 1247 420 1308 sed
443 1254 574 1327 praestat
597 1266 687 1309 amor.
729 1266 794 1309 mea
818 1248 941 1309 vulnera
964 1247 1068 1309 vellem

165 1336 299 1398 Fletibus
322 1338 433 1417 augeri,
457 1336 510 1397 sed
533 1337 592 1397 iam
615 1337 787 1397 discrimine
811 1340 916 1398 mortis

165 1426 249 1487 Victa
272 1426 361 1486 feror.
402 1442 500 1505 neque
524 1427 603 1486 enim
626 1433 728 1486 tantus
752 1426 789 1486 de
813 1426 917 1498 sunere
941 1425 1049 1506 luctus,

16 1554 17 1613 t
166 1514 302 1586 Quantus
325 1522 389 1575 erat
413 1515 448 1575 de
473 1515 574 1574 fratrs.
615 1514 685 1574 licet
708 1513 797 1575 simul
820 1513 966 1593 inprobus
990 1515 1058 1575 exul
1109 1531 1184 1597 1273

16 1616 17 1621 ’
165 1604 204 1665 Et
226 1604 320 1664 malus
343 1604 453 1682 hospes
476 1621 543 1663 eras
568 1611 598 1662 et
619 1601 733 1681 ubique
757 1603 907 1664 timendus
930 1602 1063 1665 haberis:

92 1706 146 1756 150
165 1693 236 1755 Vive
259 1703 358 1755 tamen
382 1701 578 1771 nostrumque
602 1691 685 1752 nolas
708 1693 858 1772 postlata
883 1691 1047 1754 memento!

624 1883 668 1950 84
1041 1903 1070 1943 n.
1084 1902 1123 1943 111
1137 1903 1183 1944 aas.

543 1983 602 2039 De
628 1982 752 2039 rosis
1051 1957 1183 2053 afflig

55 2081 157 2150 XIII
213 2085 263 2166 [Α]
290 2085 392 2165 quales
416 2103 471 2164 ego
494 2102 581 2144 mane
605 2102 690 2144 rosas
711 2084 876 2164 procedere
899 2084 973 2146 vidit

165 2174 370 2236 Nascebautur
393 2174 490 2235 adhuc
514 2192 611 2252 neque
635 2180 700 2234 erat
723 2191 777 2252 par
799 2172 938 2234 omnibus
961 2183 1051 2235 aetas.

165 2265 264 2325 Prima
288 2263 443 2343 papillatus
466 2262 595 2324 ducebat
618 2260 723 2340 [tecta]
749 2262 915 2343 corymbos,

165 2354 266 2414 Altera
289 2355 433 2431 puniceos
457 2354 555 2432 apices
579 2350 709 2412 irmbone
733 2350 857 2432 levabat,

129 2443 267 2506 olertia
290 2444 348 2502 iam
371 2449 468 2502 totum
492 2440 600 2502 calathi
622 2441 805 2520 patefecerat
827 2439 940 2520 orbem,

238 2600 289 2650 136
307 2594 399 2649 nescis
417 2593 445 2648 A
463 2592 557 2664 poscis
580 2593 748 2661 Wernsdorf
824 2598 874 2647 139
893 2591 1048 2663 cartaginis
1067 2593 1095 2648 A

167 2673 219 2721 140
238 2666 297 2733 Que
315 2665 343 2720 A
407 2670 457 2718 141
478 2665 614 2734 gematos.
643 2664 742 2731 sydera
761 2665 788 2718 A
852 2670 901 2718 142
921 2663 1072 2734 Conplebit
1089 2665 1129 2733 A;

164 2737 309 2810 Implicuit
322 2737 436 2807 Machlp
464 2735 576 2789 comisit
590 2735 617 2788 A
655 2740 706 2789 144
721 2737 809 2804 negat
823 2736 940 2807 Hiptr'ns
976 2741 1027 2790 147
1041 2735 1130 2791 fessos

165 2809 193 2864 A
218 2811 292 2864 feror
310 2829 329 2862 α
347 2808 441 2862 tenere
456 2808 492 2875 A,
504 2824 580 2871 ,corn
601 2827 620 2860 n
670 2811 721 2860 148
740 2806 795 2860 erit
808 2806 836 2861 A
855 2809 917 2861 erat
934 2808 1100 2877 Werncdorf

166 2887 217 2936 149
235 2880 327 2933 maius
345 2878 443 2950 hospis
462 2877 490 2930 A
507 2878 620 2948 (hospes
635 2877 694 2946 Αἱ),
713 2895 781 2933 corr.
801 2879 942 2934 Baehrens
996 2883 1048 2933 150
1066 2880 1132 2949 post

163 2953 242 3008 facta
259 2952 289 3006 A

237 3023 286 3079 84.
309 3023 344 3090 cf.
364 3021 552 3091 Hieronymus
569 3037 629 3090 epp.
644 3025 679 3073 ab
704 3019 784 3085 ‘Quis
806 3020 1012 3090 parturientem
1036 3038 1131 3075 rosam

165 3098 195 3150 et
212 3093 383 3177 papillatum
402 3091 578 3160 corymbum,
603 3093 756 3158 antequam
778 3090 809 3144 in
832 3092 977 3146 calathum
994 3093 1131 3147 fundatur

165 3167 241 3221 orb1s
261 3167 290 3219 et
307 3166 370 3219 tota
390 3162 552 3217 rubentium
575 3161 707 3216 foliorum
725 3162 868 3231 pandatur
886 3162 1018 3230 ambitio,
1041 3162 1130 3216 inma-

165 3240 229 3292 ture
260 3237 420 3290 demessum
452 3232 549 3302 aequis
577 3233 667 3288 oculis
693 3248 866 3288 marcescere
893 3233 1019 3289 uideatt’
1067 3240 1131 3288 ante

164 3328 193 3364 n.
214 3314 228 3362 1
248 3307 313 3361 XIII
331 3325 350 3362 a
367 3324 402 3361 rn.
417 3324 464 3376 pr.
482 3311 635 3360 atramento
652 3306 786 3375 scriptam
859 3310 873 3358 1
894 3303 916 3359 O
936 3305 1001 3360 add.
1022 3303 1132 3360 Senine-

164 3382 235 3448 n'ns,
253 3379 279 3432 A
292 3379 434 3433 Baehrens
469 3376 611 3444 Aequales
630 3394 649 3431 a
721 3377 828 3430 aestas
843 3375 871 3430 A
943 3374 1130 3445 3oapillatos

166 3451 345 3506 Krenaelerns
398 3448 573 3503 fronteand.
593 3449 702 3515 Barna,
720 3448 798 3502 tecta
818 3447 1030 3517 Oudendorpins
1087 3464 1131 3502 co-

164 3521 270 3575 rimbos
290 3519 318 3575 A
389 3525 509 3589 tapces
528 3517 556 3573 A
591 3518 710 3572 lababat
727 3518 755 3572 A
837 3517 997 3574 5Teriiam
1013 3536 1071 3575 non
1088 3522 1131 3574 to·

165 3593 226 3647 tum
245 3591 341 3660 galat·
361 3590 389 3646 A
424 3590 581 3660 perfecerat
598 3592 739 3646 Baehrens

1303 3476 1306 3571 l

1302 3574 1305 3635 t
