2642 3922
209 210 253 276 90
499 253 504 263 .
605 207 772 264 CARMINA

207 378 274 440 Huc
297 377 375 458 ades,
399 375 442 456 [o]
467 376 565 457 iudex,
589 376 712 438 lacinus.
754 378 899 456 signantia
923 376 1014 437 rebus

207 468 388 547 Argumenta
412 467 514 546 leram,
538 482 643 545 magno
667 483 741 545 quae
766 473 849 545 septa
873 468 973 545 vigore
1172 477 1225 528 120
1319 482 1320 547 j

206 556 360 617 Interdum
383 556 465 616 risus
488 553 594 616 lallunt
616 562 647 615 et
669 557 792 616 crimina
816 554 956 634 produnt.

252 644 346 707 Omne
371 643 509 724 equidem
533 644 656 725 lurtum,
680 643 763 704 dirus
787 643 866 722 qtrod
890 645 1022 723 concipit
1044 643 1143 722 ardor,

207 733 261 795 His
284 736 343 796 nisi
365 752 445 795 nunc
469 731 554 793 lallor
577 733 668 794 rebus
692 739 829 794 constare
852 750 975 793 necesse
998 740 1054 813 est,

206 824 251 884 bn
274 823 358 884 locus
381 822 517 884 admittat
540 822 656 883 lacinus
679 820 847 901 conplerier
870 840 908 881 an
932 840 1000 904 non,

207 913 252 973 An
276 911 371 972 valeat
392 929 521 991 persona
544 912 627 972 neias
651 913 838 972 committere
861 918 986 972 tantum.
1172 921 1224 972 120

207 1001 328 1080 Singula
352 1003 378 1061 si
401 1001 578 1082 excutimus
601 1018 740 1061 casurum
766 1009 811 1060 est
834 1001 948 1060 crimen
972 1002 1003 1060 in
1027 1001 1126 1060 istum.

206 1089 294 1169 Ergo,
317 1097 351 1151 ut
374 1089 547 1150 distinctum
572 1096 626 1171 est,
650 1089 802 1150 videamus
825 1089 862 1149 ab
886 1089 991 1150 ordine
1014 1089 1122 1171 primo,

205 1179 250 1239 bn
274 1178 358 1239 locus
381 1178 520 1247 admittat,
540 1177 655 1239 lacinus
679 1175 847 1257 conplerier
870 1196 906 1238 an
931 1196 1000 1238 non.

205 1267 360 1347 Templum
384 1276 439 1349 est,
462 1267 541 1327 unde
564 1268 645 1328 istud
669 1266 820 1328 sublatum
843 1267 970 1328 dicimus
994 1285 1109 1328 aurum.

204 1356 330 1418 Maxima
353 1375 415 1421 res:
438 1356 626 1417 venerandus
649 1357 762 1438 bonos,v
776 1356 910 1418 custodia
934 1355 1024 1436 nulla,
1171 1367 1222 1417 130

205 1445 290 1518 Quod
314 1464 400 1507 mane
423 1446 551 1524 inpactis
574 1445 690 1506 loribus
714 1448 761 1506 vix
784 1463 908 1525 vespere
932 1447 1018 1524 nigro

206 1534 336 1597 Stridula
360 1534 532 1596 cardinibus
556 1533 667 1595 claudit
689 1537 786 1595 antica
810 1535 940 1595 retortis.

204 1624 267 1685 Hoc
291 1632 372 1702 patet
395 1624 528 1702 adsidue,
552 1631 634 1703 patet
656 1623 804 1703 omnibus,
827 1633 931 1703 utpote
955 1625 1082 1702 quisque

204 1712 319 1774 Insistit
340 1712 491 1794 precibus,
515 1730 570 1773 nec
595 1714 639 1773 las
662 1723 709 1773 est
732 1713 870 1774 claudere
893 1722 1004 1792 postes

203 1801 359 1881 Ingressus
381 1800 479 1862 nullos
503 1810 602 1863 serrat
624 1801 767 1883 custodia,
791 1800 869 1862 nulla
972 1802 975 1807 ’
1001 1851 1004 1857 .
1142 1828 1174 1882 p.
1186 1814 1222 1866 53

204 1889 359 1971 Egressos,
381 1890 452 1952 licet
475 1889 532 1968 [et]
557 1909 675 1970 semper
698 1891 868 1951 discurrere
892 1891 927 1951 ad
952 1908 1028 1971 aras,
1170 1902 1221 1951 130

204 1979 350 2042 Omnibus
373 1988 404 2041 et
427 1980 583 2041 simulacra
608 1980 704 2040 modis
727 1982 902 2059 contingere
926 1981 1022 2059 miris3

203 2068 285 2129 Dona
308 2071 396 2130 etiam
420 2078 554 2131 veterum
578 2069 766 2150 populorum,
790 2071 916 2146 insignia
940 2086 1054 2149 regum,

203 2157 241 2219 Et
264 2158 384 2220 laudare
406 2159 477 2219 licet
500 2161 617 2219 cunctis
641 2166 671 2219 et
693 2167 816 2236 tangere
840 2159 883 2218 las
907 2167 961 2218 est.

202 2246 313 2309 lanitor
336 2247 405 2308 hinc
429 2248 516 2326 longe
541 2256 586 2308 est
609 2249 765 2326 primoque
789 2249 820 2307 in
843 2247 946 2307 limine
970 2254 1079 2307 custos.
1168 2257 1221 2309 140

202 2335 270 2415 lpse
294 2339 381 2398 etiam
405 2337 555 2397 interdum
579 2338 699 2415 penitus
723 2336 849 2397 discedit
872 2335 908 2396 ab
932 2337 992 2396 uris

202 2425 334 2487 Antistes
357 2428 523 2505 metuitque
546 2425 739 2505 precantibus
763 2424 875 2486 arbiter
898 2443 973 2485 csse.

201 2513 278 2575 Hinc
302 2514 395 2576 iacilis
419 2533 508 2576 causa
531 2513 678 2575 scelerum
702 2513 857 2593 facilisque
880 2513 1035 2575 malorum.

202 2602 307 2665 Nullus
331 2605 461 2665 custodit
484 2604 636 2683 templum,
660 2604 729 2683 quia
753 2603 886 2664 creditur
909 2620 975 2663 aras

201 2692 381 2755 Caelicolum
405 2711 523 2754 servare
547 2694 645 2754 timor.
687 2699 770 2772 patet
792 2691 931 2752 omnibus
955 2709 1035 2769 ergo.
1169 2702 1221 2753 140

274 2934 484 2989 maonathi
518 2936 759 3005 120magn0q3A
796 2932 1084 2988 125AdnualeadA
1120 2946 1165 2986 co-

203 3004 315 3060 mittere
333 3006 361 3060 A
426 3009 476 3057 129
496 3004 568 3059 istut
585 3007 613 3060 A
672 3011 724 3060 130
742 3006 832 3059 honus
851 3005 889 3074 A,
907 3023 975 3062 corr.
995 3004 1037 3059 A1
1073 3006 1165 3058 costo·

202 3076 250 3131 dia
267 3077 295 3131 A
351 3080 401 3130 131
422 3075 503 3140 Quod
521 3077 614 3132 rubris
628 3078 680 3132 ltu.
696 3077 724 3131 A
760 3078 905 3132 manetH
957 3080 1008 3130 132
1028 3074 1166 3130 claudunt

202 3148 242 3215 Η,
259 3149 306 3203 scd
324 3150 358 3216 cf.
373 3149 466 3203 adnot.
482 3150 519 3203 od
532 3166 559 3203 u.
575 3153 617 3204 89.
672 3147 791 3216 antiqua
808 3147 837 3202 A
910 3152 960 3202 133
980 3145 1117 3200 adsiduae
1136 3146 1165 3200 A

201 3221 283 3289 patet
299 3221 407 3292 scripsi,
425 3217 494 3273 licet
512 3218 641 3274 omnibus
659 3221 760 3289 utpute
774 3220 803 3273 A
872 3224 923 3273 134
941 3217 1037 3272 infixit
1054 3218 1082 3272 A
1117 3217 1164 3271 In-

202 3289 286 3345 sistat
304 3291 340 3346 H
409 3296 460 3345 135
479 3290 608 3345 costodia
622 3290 650 3345 A
722 3295 774 3344 133
794 3306 921 3360 egressos
940 3289 969 3345 A
987 3287 1107 3358 egressis
1122 3288 1164 3343 A¹

202 3363 364 3418 eradant
397 3367 448 3416 131
467 3364 502 3430 cf.
519 3363 615 3433 Georp.
630 3363 717 3430 1477,
732 3361 902 3416 Acu.1354
939 3365 990 3414 138
1010 3360 1126 3416 donaA

201 3438 252 3487 139
270 3433 391 3487 lustrare
404 3434 527 3505 Mcelalp,
544 3432 633 3489 recte?
702 3438 753 3486 140
771 3432 852 3487 lonce
870 3433 899 3487 A
972 3436 1022 3486 141
1043 3429 1164 3486 dissedit

200 3504 228 3557 A
282 3508 334 3558 142
353 3504 493 3572 meduitq3
513 3504 541 3559 A
615 3508 665 3558 145
683 3503 758 3574 petit
775 3504 804 3558 A
821 3506 902 3574 patet
919 3505 1031 3560 Iuratus
