2654 3926
219 199 286 264 240
622 197 788 252 OARMINA

569 360 708 425 LXXVI
732 359 837 426 Silex

221 473 368 553 Semper
391 474 489 533 Inest
512 473 626 553 lntus,
650 471 712 531 sed
735 488 817 531 raro
841 472 1006 532 cernitur
1030 473 1133 551 ignis

220 563 323 623 Intus
347 564 438 622 enim
462 560 597 641 latitat,
621 559 684 621 sed
708 559 805 620 solos
828 561 950 639 prodit
974 560 1015 621 ad
1038 563 1144 622 ictus.

218 650 288 712 Neo
312 650 423 730 lIgnis
446 659 484 712 ut
503 652 599 710 vivat
623 657 717 730 eget,
747 667 810 710 neo
830 656 869 710 ut
888 650 1031 710 occidat
1050 650 1166 714 undis.
1186 662 1239 712 245

564 803 718 870 LXXVII
741 804 845 871 Rotae
1145 840 1176 891 p.
1186 825 1240 877 153

220 899 368 970 Quattuor
391 900 530 978 aequales
553 906 680 959 currunt
703 917 738 958 ex
763 908 839 959 arte
863 917 982 959 sorores

220 988 270 1050 Sic
294 990 379 1068 quasi
402 996 561 1069 certantes,
584 1005 652 1048 oum
676 989 716 1047 sit
738 986 822 1047 labor
846 987 983 1049 omnibus
1007 1006 1095 1048 unus.

219 1076 258 1138 Et
280 1096 375 1158 prope
399 1086 470 1138 sunt
492 1078 605 1156 pariter
627 1094 683 1138 neo
707 1093 739 1135 se
763 1078 937 1155 contingere
960 1085 1095 1156 possunt.

550 1231 723 1297 LXXVIII
748 1231 860 1298 Scalae

219 1343 280 1405 Nos
305 1362 418 1419 sumus,
442 1344 477 1404 ad
502 1344 617 1405 eaelum
641 1362 717 1422 quae
741 1343 935 1425 tendimus,
959 1343 1016 1405 alta
1039 1351 1185 1425 petentes,
1238 1392 1248 1429 ‚

222 1432 369 1494 Concordi
393 1432 504 1494 labrloa
528 1451 602 1512 quas
625 1451 704 1493 unus
728 1434 861 1493 oonttnet
884 1432 966 1514 ordo,
1186 1445 1237 1495 250

220 1521 257 1583 Vt
280 1521 369 1583 simul
392 1522 549 1582 haerentes
572 1539 627 1601 per
650 1539 705 1582 nos
728 1524 863 1583 nitantur
885 1522 921 1583 ad
945 1539 1041 1582 auras.

544 1676 732 1742 LXXVIIII
756 1677 860 1763 Scopa

220 1770 340 1831 Mundi
363 1788 486 1849 magna
510 1788 653 1851 parens,
677 1769 783 1850 laqueo
808 1789 919 1832 conexa
944 1772 1050 1851 tenant,

220 1859 323 1920 Vincta
349 1858 411 1920 solo
435 1859 531 1939 plano,
555 1858 693 1920 manibus
716 1878 878 1938 conpressa
901 1859 1017 1920 duabus

220 1947 319 2009 Duoor
342 1948 453 2028 ubique
478 1966 607 2028 sequens
627 1957 657 2009 et
676 1967 723 2009 me
743 1967 862 2028 quoque
881 1956 987 2009 cuncta
1007 1948 1185 2028 sequuntur.

291 2102 357 2158 Ree.
375 2102 417 2157 B:
631 2102 746 2157 LXXVI
765 2101 840 2156 Silex
1145 2119 1175 2172 p.
1184 2107 1237 2158 153

364 2181 461 2235 Virtus
479 2198 585 2251 magna
602 2181 674 2235 mihi
692 2183 774 2251 duro;
794 2182 921 2236 mollitur
940 2182 976 2236 ab
994 2182 1069 2252 igne,

363 2252 547 2321 Cessantique
566 2253 629 2307 foco
647 2252 724 2308 intus
743 2253 814 2306 mihi
833 2253 923 2308 uirtus
942 2253 1087 2308 adhaeret.
1305 2264 1307 2281 *

364 2324 479 2394 Semper
496 2325 572 2378 inest
590 2323 621 2377 in
638 2341 692 2395 me,
712 2325 762 2379 sed
779 2341 843 2379 raro
863 2325 986 2379 cernitur
1004 2324 1088 2394 ignis.

221 2410 272 2459 246
291 2406 372 2475 parte
427 2410 479 2458 249
499 2404 660 2459 scandimus
715 2409 767 2459 252
787 2404 819 2457 In
838 2404 918 2459 siluis
937 2405 1036 2474 genito

291 2528 417 2583 LXXVI:
444 2530 519 2583 A=
534 2530 564 2585 D
578 2532 611 2598 -Ι-
627 2530 662 2585 B.
699 2532 745 2585 ltro
760 2556 795 2575 =
809 2530 846 2585 D.
889 2528 981 2610 Siler]
1009 2529 1101 2614 Aliter
1127 2532 1186 2598 (cic,

219 2600 1185 2752 ttttttttltttttttttitttltttitittrmiitttt·
1304 2652 1305 2665 ²

221 2748 274 2796 244
291 2742 398 2796 1444144
417 2742 467 2796 sed
481 2742 540 2797 solo
554 2743 583 2797 A
620 2746 649 2796 et
668 2744 782 2799 Schenkl
816 2742 927 2797 ictosd
998 2748 1050 2797 245
1069 2746 1187 2799 alterum

220 2815 253 2867 44
266 2831 316 2870 oon.
332 2814 382 2869 aL
409 2813 511 2879 Aliter]
524 2814 600 2869 Silex
610 2814 677 2869 AB.
706 2816 858 2883 tristiclooo,
873 2816 945 2884 quod
953 2814 982 2868 A
992 2816 1032 2885 (p.
1044 2819 1096 2868 153
1110 2816 1185 2883 lna't.)

221 2885 399 2955 4144414444,
418 2902 469 2940 om.
488 2886 519 2939 D
555 2887 591 2940 ab
610 2885 670 2955 igni
689 2887 846 2953 cessanth3
861 2888 889 2939 A
931 2901 998 2939 suco
1013 2887 1047 2940 K
1062 2884 1186 2941 cernitus

220 2955 249 3010 A
304 2956 445 3009 LXXVIII
463 2964 526 3012 ante
544 2956 671 3011 LXXVII
688 2958 724 3013 A.
757 2956 879 3011 RotaeI
925 2977 944 3010 α
998 2962 1049 3011 247
1071 2955 1095 3010 si
1113 2957 1141 3011 A

221 3031 362 3080 246-248
384 3029 464 3082 habet
486 3028 652 3098 Apollonius
674 3046 696 3082 c.
716 3033 765 3095 42,
787 3030 836 3083 ubl
859 3033 911 3082 246
931 3029 1001 3096 arte,
1025 3033 1092 3084 248:
1117 3028 1186 3083 Oum

220 3114 309 3167 prope
329 3098 386 3152 sint
403 3098 523 3167 pariter,
546 3116 603 3154 non
627 3116 656 3153 se
674 3099 836 3168 pertingere
854 3101 974 3169 possunt
1045 3099 1187 3153 LXXVIII

221 3168 340 3242 Scalap
394 3173 446 3222 249
466 3169 658 3225 Alth=B
716 3170 900 3243 251Ε4βΚ
932 3169 1102 3224 comitentur
1119 3172 1186 3225 libri

219 3239 349 3294 nitantur
366 3243 548 3296 Boeotemann
575 3258 626 3295 nos
654 3241 831 3296 connitamur
849 3241 964 3297 Schenkl
1043 3247 1183 3296 249-251

219 3311 299 3367 hoto
317 3313 485 3381 Apollonios
503 3318 582 3382 442,
601 3315 651 3368 nbi
665 3319 716 3368 249
731 3314 811 3383 =B,
830 3318 883 3367 250
901 3311 1032 3384 conserit,
1052 3318 1103 3367 251
1119 3312 1185 3378 Qui-

206 3397 340 3449 cumque
360 3382 421 3436 4144
439 3385 548 3452 petunt,
568 3400 618 3454 per
635 3401 687 3439 nos
707 3383 878 3439 comitantur
897 3385 933 3439 ad
952 3401 1035 3439 44444
1095 3389 1147 3440 252
1161 3402 1185 3439 tc

222 3476 256 3495 =
271 3451 306 3506 Β.
334 3453 477 3509 Alo=D.
505 3458 668 3510 connexad
691 3456 838 3526 complexa
851 3475 876 3511 w
930 3461 983 3511 253
1002 3456 1102 3510 iuncta
1120 3457 1187 3512 libri

217 3529 329 3589 praeter
347 3524 399 3577 Ad
418 3525 563 3593 complexa
582 3542 680 3595 pressa
698 3530 717 3583 d
736 3543 902 3597 comprensa
919 3530 937 3583 4
987 3533 1040 3584 254
1059 3531 1089 3583 44
1101 3528 1186 3585 ontd

222 3592 307 3644 44444
326 3595 458 3647 44444444
475 3597 492 3666 β
511 3599 646 3665 sequntur
663 3598 691 3652 A
710 3601 862 3666 sequentur
881 3602 897 3672 β
915 3617 949 3656 m.
968 3602 1027 3656 au
