2670 3920
454 197 592 255 conteis
611 198 842 258 SALMASIANI.
1070 199 1132 265 151
1218 206 1220 210 ’

168 364 248 429 Haec
272 375 379 428 ornant
401 384 528 447 mensas,
550 365 624 427 haee
647 374 800 445 praestant
822 385 909 447 poma
932 366 1098 450 medellam,

214 455 287 516 Cum
312 457 408 536 quatit
429 458 571 517 incurvos
595 457 687 517 tussis
711 455 815 517 anhela
838 473 934 517 senes.

620 684 682 748 171
1069 717 1188 759 arms.

596 797 706 856 ΛΕΜ
1053 771 1188 867 ΒῊῘῘΣ

169 917 264 979 Omne
287 936 382 997 genus
404 918 474 978 mali
497 917 620 998 dignum
643 926 689 979 est
712 917 873 998 adsurgere
898 920 983 1000 citro,

213 1007 264 1067 Vis
287 1009 338 1068 eui
359 1006 452 1068 multa
476 1006 579 1068 subest
602 1009 723 1068 corticis
747 1016 778 1068 et
801 1006 899 1069 medii.

169 1095 265 1156 Vnum
290 1114 425 1176 quaeque
449 1113 536 1157 suum
559 1096 695 1157 reserant
717 1096 891 1175 pomuseula
916 1114 1035 1158 sucum:

213 1183 331 1246 Ternus
354 1183 390 1245 ab
414 1184 471 1246 hec
495 1202 614 1265 semper
637 1187 771 1264 carpitur
794 1204 846 1246 ore
871 1203 967 1266 sapor.

619 1414 683 1478 172
1073 1448 1100 1487 s.
1114 1447 1127 1487 1
1141 1447 1187 1488 ms.

545 1529 595 1585 De
618 1529 759 1598 Daphne
1054 1555 1082 1597 B.
1095 1501 1188 1596 fflll]

167 1646 336 1709 Frondibus
360 1656 391 1709 et
413 1645 556 1709 membris
580 1648 710 1708 servavit
732 1646 854 1708 dextera
878 1647 992 1729 sollers,

212 1735 371 1815 congruus
395 1744 428 1797 ut
452 1735 577 1815 sculptis
600 1744 703 1819 posset
725 1738 824 1797 inesse
848 1735 937 1797 color.

167 1824 244 1886 Dant
266 1828 375 1886 mirum
398 1827 518 1885 iunctae
542 1842 591 1885 ars
614 1832 645 1886 et
668 1827 785 1905 pictura
808 1824 957 1904 decorem,

212 1913 351 1975 Ostendit
374 1915 473 1975 varius
497 1932 565 1975 cum
589 1914 648 1975 duo
672 1916 756 1994 signa
779 1913 863 1994 lapis.

586 2164 588 2171 ·
620 2161 682 2226 ms
1071 2122 1186 2234 Mu.

535 2269 598 2346 [ne
621 2266 767 2348 Marsya]
818 2325 820 2329 .
1054 2246 1186 2342 slilllj

166 2392 256 2455 derio
279 2395 376 2455 vietus
399 2392 548 2473 dependet
571 2392 685 2473 Marsya
708 2411 791 2457 ramo

211 2482 392 2561 Nativusque
415 2481 523 2561 probat
545 2492 666 2562 pectora
689 2489 775 2542 tensa
798 2483 900 2544 ruber.

167 2570 258 2633 Dorta
282 2589 387 2633 manus
410 2573 508 2639 varios
532 2569 659 2649 lapidem
683 2570 796 2632 limavit
819 2575 849 2633 in
874 2580 971 2653 artus3

211 2659 336 2721 Arboris
359 2669 448 2740 atque
472 2660 601 2720 hominis
625 2659 718 2739 fulget
741 2659 777 2720 ab
801 2670 864 2722 arte
888 2660 972 2722 fides.

238 2901 315 2975 stig
335 2903 371 2971 A,
390 2919 459 2957 eurr.
478 2918 513 2958 m.
533 2902 592 2956 aliu
628 2900 680 2955 hee
698 2901 727 2955 A
816 2901 983 2958 iineurbos
1007 2905 1054 2958 ius
1070 2933 1076 2946 ·
1092 2903 1131 2958 sis

166 2971 346 3027 enelassenes
366 2972 481 3043 (anhela
500 2989 569 3029 corr.
588 2990 623 3028 ru.
641 2974 711 3029 satis
729 2975 857 3045 emtique)
871 2974 900 3028 A

237 3062 306 3118 ltl.
335 3068 350 3116 1
379 3061 534 3130 adsurgure
562 3060 590 3115 A
689 3066 705 3114 3
732 3063 967 3133 Unumquemque
992 3063 1034 3134 A,
1060 3080 1131 3121 serr.

165 3133 299 3205 Hapeuus

238 3221 307 3307 lli.
325 3220 368 3277 De
387 3220 471 3275 dasne
490 3220 518 3275 A
579 3221 741 3276 tremebit
758 3223 796 3290 A,
813 3239 883 3279 corr.
902 3243 922 3277 α
994 3228 1133 3280 esseest

163 3295 305 3437 final-llll.
332 3380 374 3434 De
396 3380 512 3450 Marsya
534 3397 586 3438 em.
610 3382 651 3451 A,
680 3382 743 3438 edd.
768 3382 903 3437 Heinsius
980 3388 994 3436 1
1014 3381 1081 3437 Eris
1104 3384 1132 3438 A

163 3452 257 3507 Pierio
276 3473 303 3523 u,
322 3469 391 3508 οων.
411 3452 547 3508 Heinsius
582 3451 709 3522 dependit
727 3452 833 3507 marsis
846 3452 874 3506 A
945 3452 1132 3523 2Naiibusq3

165 3524 194 3579 A
229 3526 314 3577 tonsa
332 3523 481 3594 Hapeuus,
502 3523 591 3580 reete?
681 3529 697 3577 3
716 3523 797 3580 uiuos
815 3525 971 3593 Baehrens,
988 3527 1078 3583 reete?

167 3594 270 3662 4edq3
289 3594 317 3648 A
353 3593 417 3663 figis
435 3595 464 3649 A
481 3594 551 3649 fides
569 3595 746 3668 oeuuepteur
