<?xml version="1.0" encoding="UTF-8"?>
<!DOCTYPE html PUBLIC "-//W3C//DTD XHTML 1.0 Transitional//EN"
    "http://www.w3.org/TR/xhtml1/DTD/xhtml1-transitional.dtd">
<html xmlns="http://www.w3.org/1999/xhtml" xml:lang="en" lang="en">
 <head>
  <title>
</title>
<meta http-equiv="Content-Type" content="text/html;charset=utf-8" />
  <meta name='ocr-system' content='tesseract 3.04.00' />
  <meta name='ocr-capabilities' content='ocr_page ocr_carea ocr_par ocr_line ocrx_word'/>
</head>
<body>
  <div class='ocr_page' id='page_1' title='image "./anthologialatin02lommgoog_0016.png"; bbox 0 0 2646 3920; ppageno 0'>
   <div class='ocr_carea' id='block_1_1' title="bbox 554 172 1142 230">
    <p class='ocr_par' dir='ltr' id='par_1_1' title="bbox 554 172 1142 230">
     <span class='ocr_line' id='line_1_1' title="bbox 554 172 1142 230; baseline 0.005 -4"><span class='ocrx_word' id='word_1_1' title='bbox 554 172 760 229; x_wconf 79' lang='lat' dir='ltr'><strong>PRAEFATIO</strong></span> <span class='ocrx_word' id='word_1_2' title='bbox 1102 173 1142 230; x_wconf 92' lang='lat' dir='ltr'><strong>XI</strong></span> 
     </span>
    </p>
   </div>
   <div class='ocr_carea' id='block_1_2' title="bbox 170 337 1216 1758">
    <p class='ocr_par' dir='ltr' id='par_1_2' title="bbox 173 337 1216 493">
     <span class='ocr_line' id='line_1_2' title="bbox 174 337 1216 422; baseline 0.002 -19"><span class='ocrx_word' id='word_1_3' title='bbox 174 337 330 420; x_wconf 88' lang='lat' dir='ltr'><strong>bucusque</strong></span> <span class='ocrx_word' id='word_1_4' title='bbox 354 341 514 420; x_wconf 91' lang='lat' dir='ltr'><strong>separatim</strong></span> <span class='ocrx_word' id='word_1_5' title='bbox 537 339 629 422; x_wconf 86' lang='lat' dir='ltr'><strong>edita,</strong></span> <span class='ocrx_word' id='word_1_6' title='bbox 657 341 775 402; x_wconf 90' lang='lat' dir='ltr'><strong>codices</strong></span> <span class='ocrx_word' id='word_1_7' title='bbox 799 342 829 402; x_wconf 84' lang='lat' dir='ltr'><em>R</em></span> <span class='ocrx_word' id='word_1_8' title='bbox 859 341 993 421; x_wconf 85' lang='lat' dir='ltr'><strong>aliosque</strong></span> <span class='ocrx_word' id='word_1_9' title='bbox 1016 350 1140 404; x_wconf 90' lang='lat' dir='ltr'><strong>secutus</strong></span> <span class='ocrx_word' id='word_1_10' title='bbox 1214 361 1216 366; x_wconf 73' lang='grc'>’</span> 
     </span>
     <span class='ocr_line' id='line_1_3' title="bbox 173 429 621 493; baseline -0.004 -1"><span class='ocrx_word' id='word_1_11' title='bbox 173 449 243 493; x_wconf 92' lang='lat' dir='ltr'><strong>cum</strong></span> <span class='ocrx_word' id='word_1_12' title='bbox 268 429 446 490; x_wconf 88' lang='lat' dir='ltr'><strong>decasticbis</strong></span> <span class='ocrx_word' id='word_1_13' title='bbox 470 431 621 491; x_wconf 87' lang='lat' dir='ltr'><strong>coniunxi.</strong></span> 
     </span>
    </p>

    <p class='ocr_par' dir='ltr' id='par_1_3' title="bbox 173 516 1138 671">
     <span class='ocr_line' id='line_1_4' title="bbox 240 516 1138 581; baseline 0.001 -2"><span class='ocrx_word' id='word_1_14' title='bbox 240 519 272 579; x_wconf 86' lang='lat' dir='ltr'><strong>in</strong></span> <span class='ocrx_word' id='word_1_15' title='bbox 293 519 425 580; x_wconf 89' lang='lat' dir='ltr'><strong>carmine</strong></span> <span class='ocrx_word' id='word_1_16' title='bbox 444 516 465 581; x_wconf 84' lang='lat'><strong>3</strong></span> <span class='ocrx_word' id='word_1_17' title='bbox 485 518 601 580; x_wconf 90' lang='lat' dir='ltr'><strong>edendo</strong></span> <span class='ocrx_word' id='word_1_18' title='bbox 619 518 817 580; x_wconf 82' lang='lat' dir='ltr'><strong>Ribbeckium</strong></span> <span class='ocrx_word' id='word_1_19' title='bbox 837 528 961 580; x_wconf 86' lang='lat' dir='ltr'><strong>secutus</strong></span> <span class='ocrx_word' id='word_1_20' title='bbox 980 536 1056 581; x_wconf 91' lang='lat' dir='ltr'><strong>sum.</strong></span> <span class='ocrx_word' id='word_1_21' title='bbox 1093 520 1138 580; x_wconf 75' lang='lat' dir='ltr'><strong>Ab</strong></span> 
     </span>
     <span class='ocr_line' id='line_1_5' title="bbox 173 606 926 671; baseline 0.003 -2"><span class='ocrx_word' id='word_1_22' title='bbox 173 609 263 670; x_wconf 91' lang='lat' dir='ltr'><strong>huius</strong></span> <span class='ocrx_word' id='word_1_23' title='bbox 286 607 357 669; x_wconf 86' lang='lat' dir='ltr'><strong>tthri</strong></span> <span class='ocrx_word' id='word_1_24' title='bbox 379 606 503 669; x_wconf 90' lang='lat' dir='ltr'><strong>consilio</strong></span> <span class='ocrx_word' id='word_1_25' title='bbox 527 616 610 669; x_wconf 90' lang='lat' dir='ltr'><strong>certe</strong></span> <span class='ocrx_word' id='word_1_26' title='bbox 633 626 694 668; x_wconf 92' lang='lat' dir='ltr'><strong>non</strong></span> <span class='ocrx_word' id='word_1_27' title='bbox 717 617 764 669; x_wconf 90' lang='lat' dir='ltr'><strong>est</strong></span> <span class='ocrx_word' id='word_1_28' title='bbox 787 607 926 671; x_wconf 82' lang='lat' dir='ltr'><strong>alienum</strong></span> 
     </span>
    </p>

    <p class='ocr_par' dir='ltr' id='par_1_4' title="bbox 170 694 1140 1758">
     <span class='ocr_line' id='line_1_6' title="bbox 240 694 1139 775; baseline -0.002 -16"><span class='ocrx_word' id='word_1_29' title='bbox 240 696 367 759; x_wconf 79' lang='lat' dir='ltr'>Carmen</span> <span class='ocrx_word' id='word_1_30' title='bbox 385 694 408 757; x_wconf 86' lang='lat'><strong>4</strong></span> <span class='ocrx_word' id='word_1_31' title='bbox 427 694 529 775; x_wconf 85' lang='lat' dir='ltr'><strong>[cuius</strong></span> <span class='ocrx_word' id='word_1_32' title='bbox 547 716 574 758; x_wconf 82' lang='lat' dir='ltr'><strong>r.</strong></span> <span class='ocrx_word' id='word_1_33' title='bbox 593 694 726 760; x_wconf 77' lang='lat'>57-62</span> <span class='ocrx_word' id='word_1_34' title='bbox 750 704 781 758; x_wconf 90' lang='lat' dir='ltr'><strong>et</strong></span> <span class='ocrx_word' id='word_1_35' title='bbox 807 694 980 760; x_wconf 82' lang='lat'>106—109</span> <span class='ocrx_word' id='word_1_36' title='bbox 1000 699 1057 757; x_wconf 88' lang='lat' dir='ltr'><strong>iam</strong></span> <span class='ocrx_word' id='word_1_37' title='bbox 1077 696 1139 758; x_wconf 84' lang='lat' dir='ltr'><strong>Sai-</strong></span> 
     </span>
     <span class='ocr_line' id='line_1_7' title="bbox 172 783 1140 866; baseline 0.001 -20"><span class='ocrx_word' id='word_1_38' title='bbox 172 789 287 847; x_wconf 91' lang='lat' dir='ltr'><strong>masius</strong></span> <span class='ocrx_word' id='word_1_39' title='bbox 310 785 457 864; x_wconf 82' lang='lat' dir='ltr'><strong>ediderat]</strong></span> <span class='ocrx_word' id='word_1_40' title='bbox 482 787 598 866; x_wconf 91' lang='lat' dir='ltr'><strong>primus</strong></span> <span class='ocrx_word' id='word_1_41' title='bbox 621 804 646 847; x_wconf 89' lang='lat' dir='ltr'><strong>a.</strong></span> <span class='ocrx_word' id='word_1_42' title='bbox 668 783 752 848; x_wconf 83' lang='grc'><strong>1867</strong></span> <span class='ocrx_word' id='word_1_43' title='bbox 777 786 870 847; x_wconf 85' lang='lat' dir='ltr'>edidit</span> <span class='ocrx_word' id='word_1_44' title='bbox 892 785 1062 866; x_wconf 91' lang='lat' dir='ltr'><strong>Leopoldus</strong></span> <span class='ocrx_word' id='word_1_45' title='bbox 1084 786 1140 847; x_wconf 86' lang='lat' dir='ltr'><strong>De-</strong></span> 
     </span>
     <span class='ocr_line' id='line_1_8' title="bbox 172 867 1140 959; baseline 0 -24"><span class='ocrx_word' id='word_1_46' title='bbox 172 874 238 936; x_wconf 87' lang='lat' dir='ltr'><strong>lisie</strong></span> <span class='ocrx_word' id='word_1_47' title='bbox 266 867 417 959; x_wconf 83' lang='lat' dir='ltr'><strong>(biblioth.</strong></span> <span class='ocrx_word' id='word_1_48' title='bbox 449 875 485 936; x_wconf 90' lang='lat' dir='ltr'><strong>de</strong></span> <span class='ocrx_word' id='word_1_49' title='bbox 513 874 616 936; x_wconf 74' lang='lat' dir='ltr'><strong>l&#39;ecole</strong></span> <span class='ocrx_word' id='word_1_50' title='bbox 640 875 693 936; x_wconf 88' lang='lat' dir='ltr'><strong>des</strong></span> <span class='ocrx_word' id='word_1_51' title='bbox 716 874 835 936; x_wconf 90' lang='lat' dir='ltr'><strong>chartes</strong></span> <span class='ocrx_word' id='word_1_52' title='bbox 859 874 917 935; x_wconf 84' lang='lat' dir='ltr'><strong>ser.</strong></span> <span class='ocrx_word' id='word_1_53' title='bbox 941 874 978 935; x_wconf 84' lang='lat' dir='ltr'><strong>vt</strong></span> <span class='ocrx_word' id='word_1_54' title='bbox 1005 884 1076 937; x_wconf 91' lang='lat' dir='ltr'><strong>tom.</strong></span> <span class='ocrx_word' id='word_1_55' title='bbox 1099 873 1140 935; x_wconf 89' lang='lat'><strong>111</strong></span> 
     </span>
     <span class='ocr_line' id='line_1_9' title="bbox 172 959 1140 1046; baseline 0.001 -21"><span class='ocrx_word' id='word_1_56' title='bbox 172 983 202 1044; x_wconf 93' lang='lat' dir='ltr'><strong>p.</strong></span> <span class='ocrx_word' id='word_1_57' title='bbox 222 962 285 1027; x_wconf 83' lang='lat'><strong>297</strong></span> <span class='ocrx_word' id='word_1_58' title='bbox 298 959 377 1046; x_wconf 87' lang='lat' dir='ltr'><strong>sqq.)</strong></span> <span class='ocrx_word' id='word_1_59' title='bbox 415 982 452 1024; x_wconf 82' lang='lat' dir='ltr'><strong>ex</strong></span> <span class='ocrx_word' id='word_1_60' title='bbox 489 965 591 1027; x_wconf 89' lang='lat' dir='ltr'><strong>codice</strong></span> <span class='ocrx_word' id='word_1_61' title='bbox 624 963 827 1025; x_wconf 90' lang='lat' dir='ltr'><strong>Prudentiano</strong></span> <span class='ocrx_word' id='word_1_62' title='bbox 865 963 976 1025; x_wconf 84' lang='lat' dir='ltr'><strong>sacculi</strong></span> <span class='ocrx_word' id='word_1_63' title='bbox 1004 963 1027 1022; x_wconf 90' lang='lat' dir='ltr'>V</span> <span class='ocrx_word' id='word_1_64' title='bbox 1060 967 1140 1026; x_wconf 92' lang='lat' dir='ltr'><strong>inter</strong></span> 
     </span>
     <span class='ocr_line' id='line_1_10' title="bbox 173 1051 1140 1134; baseline 0 -20"><span class='ocrx_word' id='word_1_65' title='bbox 173 1052 324 1114; x_wconf 87' lang='lat' dir='ltr'><strong>Parisinus</strong></span> <span class='ocrx_word' id='word_1_66' title='bbox 349 1051 445 1134; x_wconf 86' lang='lat'>8084,</span> <span class='ocrx_word' id='word_1_67' title='bbox 473 1056 561 1114; x_wconf 88' lang='lat' dir='ltr'><strong>cuius</strong></span> <span class='ocrx_word' id='word_1_68' title='bbox 584 1052 652 1113; x_wconf 81' lang='lat' dir='ltr'><strong>tolia</strong></span> <span class='ocrx_word' id='word_1_69' title='bbox 677 1056 734 1114; x_wconf 87' lang='lat' dir='ltr'><strong>tria</strong></span> <span class='ocrx_word' id='word_1_70' title='bbox 763 1052 866 1113; x_wconf 85' lang='lat' dir='ltr'><strong>ultima</strong></span> <span class='ocrx_word' id='word_1_71' title='bbox 896 1055 1007 1114; x_wconf 84' lang='lat' dir='ltr'><strong>misere</strong></span> <span class='ocrx_word' id='word_1_72' title='bbox 1030 1053 1140 1114; x_wconf 85' lang='lat' dir='ltr'><strong>afflicta</strong></span> 
     </span>
     <span class='ocr_line' id='line_1_11' title="bbox 172 1141 1140 1223; baseline 0.002 -21"><span class='ocrx_word' id='word_1_73' title='bbox 172 1151 264 1223; x_wconf 87' lang='lat' dir='ltr'><strong>tenet,</strong></span> <span class='ocrx_word' id='word_1_74' title='bbox 287 1141 405 1204; x_wconf 88' lang='lat' dir='ltr'><strong>saeculo</strong></span> <span class='ocrx_word' id='word_1_75' title='bbox 425 1151 459 1204; x_wconf 94' lang='lat' dir='ltr'><strong>ut</strong></span> <span class='ocrx_word' id='word_1_76' title='bbox 473 1141 591 1204; x_wconf 89' lang='lat' dir='ltr'><strong>videtur</strong></span> <span class='ocrx_word' id='word_1_77' title='bbox 610 1151 694 1203; x_wconf 84' lang='lat' dir='ltr'><strong>sexto</strong></span> <span class='ocrx_word' id='word_1_78' title='bbox 708 1142 872 1203; x_wconf 90' lang='lat' dir='ltr'><strong>Prudentio</strong></span> <span class='ocrx_word' id='word_1_79' title='bbox 887 1143 1030 1204; x_wconf 89' lang='lat' dir='ltr'><strong>additum.</strong></span> <span class='ocrx_word' id='word_1_80' title='bbox 1067 1141 1140 1204; x_wconf 90' lang='lat' dir='ltr'><strong>Inde</strong></span> 
     </span>
     <span class='ocr_line' id='line_1_12' title="bbox 171 1231 1140 1313; baseline 0.002 -22"><span class='ocrx_word' id='word_1_81' title='bbox 171 1234 300 1313; x_wconf 88' lang='lat' dir='ltr'><strong>sumpsi,</strong></span> <span class='ocrx_word' id='word_1_82' title='bbox 325 1231 485 1292; x_wconf 84' lang='lat' dir='ltr'><strong>verborum</strong></span> <span class='ocrx_word' id='word_1_83' title='bbox 507 1231 729 1292; x_wconf 81' lang='lat' dir='ltr'><strong>emendationes</strong></span> <span class='ocrx_word' id='word_1_84' title='bbox 752 1233 860 1311; x_wconf 93' lang='lat' dir='ltr'><strong>partim</strong></span> <span class='ocrx_word' id='word_1_85' title='bbox 879 1231 1007 1312; x_wconf 87' lang='lat' dir='ltr'><strong>Delislii,</strong></span> <span class='ocrx_word' id='word_1_86' title='bbox 1030 1234 1140 1311; x_wconf 87' lang='lat' dir='ltr'><strong>partim</strong></span> 
     </span>
     <span class='ocr_line' id='line_1_13' title="bbox 171 1320 1139 1401; baseline 0.002 -21"><span class='ocrx_word' id='word_1_87' title='bbox 171 1339 256 1381; x_wconf 88' lang='lat' dir='ltr'><strong>meae</strong></span> <span class='ocrx_word' id='word_1_88' title='bbox 279 1329 359 1382; x_wconf 93' lang='lat' dir='ltr'><strong>sunt.</strong></span> <span class='ocrx_word' id='word_1_89' title='bbox 397 1320 455 1381; x_wconf 91' lang='lat' dir='ltr'><strong>Sed</strong></span> <span class='ocrx_word' id='word_1_90' title='bbox 479 1321 586 1400; x_wconf 90' lang='lat' dir='ltr'><strong>primis</strong></span> <span class='ocrx_word' id='word_1_91' title='bbox 605 1321 745 1381; x_wconf 86' lang='lat' dir='ltr'><strong>editionis</strong></span> <span class='ocrx_word' id='word_1_92' title='bbox 764 1338 848 1381; x_wconf 92' lang='lat' dir='ltr'><strong>meae</strong></span> <span class='ocrx_word' id='word_1_93' title='bbox 871 1320 950 1381; x_wconf 82' lang='lat' dir='ltr'><strong>toliis</strong></span> <span class='ocrx_word' id='word_1_94' title='bbox 972 1323 1031 1381; x_wconf 91' lang='lat' dir='ltr'><strong>iam</strong></span> <span class='ocrx_word' id='word_1_95' title='bbox 1054 1320 1139 1401; x_wconf 89' lang='lat' dir='ltr'><strong>prelo</strong></span> 
     </span>
     <span class='ocr_line' id='line_1_14' title="bbox 172 1408 1140 1489; baseline 0.002 -20"><span class='ocrx_word' id='word_1_96' title='bbox 172 1408 326 1489; x_wconf 82' lang='lat' dir='ltr'><strong>subiectis,</strong></span> <span class='ocrx_word' id='word_1_97' title='bbox 344 1427 451 1489; x_wconf 86' lang='lat' dir='ltr'><strong>poema</strong></span> <span class='ocrx_word' id='word_1_98' title='bbox 469 1409 573 1470; x_wconf 88' lang='lat' dir='ltr'><strong>codice</strong></span> <span class='ocrx_word' id='word_1_99' title='bbox 592 1410 691 1470; x_wconf 88' lang='lat' dir='ltr'><strong>deuuo</strong></span> <span class='ocrx_word' id='word_1_100' title='bbox 710 1412 877 1470; x_wconf 81' lang='lat' dir='ltr'><strong>examinato</strong></span> <span class='ocrx_word' id='word_1_101' title='bbox 892 1409 987 1470; x_wconf 90' lang='lat' dir='ltr'><strong>edidit</strong></span> <span class='ocrx_word' id='word_1_102' title='bbox 1000 1409 1031 1471; x_wconf 83' lang='lat' dir='ltr'><strong>C.</strong></span> <span class='ocrx_word' id='word_1_103' title='bbox 1045 1410 1140 1471; x_wconf 88' lang='lat' dir='ltr'><strong>Morel</strong></span> 
     </span>
     <span class='ocr_line' id='line_1_15' title="bbox 174 1493 1138 1580; baseline 0.002 -22"><span class='ocrx_word' id='word_1_104' title='bbox 174 1494 279 1578; x_wconf 90' lang='lat' dir='ltr'><strong>(revue</strong></span> <span class='ocrx_word' id='word_1_105' title='bbox 307 1498 435 1559; x_wconf 77' lang='lat' dir='ltr'><strong>archeol.</strong></span> <span class='ocrx_word' id='word_1_106' title='bbox 461 1494 548 1562; x_wconf 82' lang='lat'>1868</span> <span class='ocrx_word' id='word_1_107' title='bbox 576 1517 605 1576; x_wconf 87' lang='lat' dir='ltr'><strong>p.</strong></span> <span class='ocrx_word' id='word_1_108' title='bbox 624 1495 688 1560; x_wconf 84' lang='lat'><strong>451</strong></span> <span class='ocrx_word' id='word_1_109' title='bbox 702 1493 781 1580; x_wconf 89' lang='lat' dir='ltr'><strong>sqq.)</strong></span> <span class='ocrx_word' id='word_1_110' title='bbox 817 1496 882 1578; x_wconf 91' lang='lat' dir='ltr'><strong>[qui</strong></span> <span class='ocrx_word' id='word_1_111' title='bbox 911 1501 1024 1578; x_wconf 89' lang='lat' dir='ltr'><strong>optime</strong></span> <span class='ocrx_word' id='word_1_112' title='bbox 1055 1497 1138 1560; x_wconf 90' lang='lat' dir='ltr'><strong>locos</strong></span> 
     </span>
     <span class='ocr_line' id='line_1_16' title="bbox 170 1585 1138 1668; baseline 0.004 -22"><span class='ocrx_word' id='word_1_113' title='bbox 170 1587 318 1666; x_wconf 89' lang='lat' dir='ltr'><strong>quosdam</strong></span> <span class='ocrx_word' id='word_1_114' title='bbox 346 1588 521 1648; x_wconf 80' lang='lat' dir='ltr'><strong>emendavit.</strong></span> <span class='ocrx_word' id='word_1_115' title='bbox 567 1585 655 1649; x_wconf 89' lang='lat' dir='ltr'><strong>Hunc</strong></span> <span class='ocrx_word' id='word_1_116' title='bbox 683 1596 806 1651; x_wconf 87' lang='lat' dir='ltr'><strong>secutus</strong></span> <span class='ocrx_word' id='word_1_117' title='bbox 836 1596 883 1648; x_wconf 88' lang='lat' dir='ltr'><strong>est</strong></span> <span class='ocrx_word' id='word_1_118' title='bbox 909 1587 941 1650; x_wconf 91' lang='lat' dir='ltr'><strong>P.</strong></span> <span class='ocrx_word' id='word_1_119' title='bbox 964 1587 1138 1668; x_wconf 77' lang='lat' dir='ltr'><strong>Kruegerus</strong></span> 
     </span>
     <span class='ocr_line' id='line_1_17' title="bbox 170 1676 1138 1758; baseline -0.001 -21"><span class='ocrx_word' id='word_1_120' title='bbox 170 1679 226 1754; x_wconf 84' lang='lat' dir='ltr'><strong>qui</strong></span> <span class='ocrx_word' id='word_1_121' title='bbox 249 1695 338 1756; x_wconf 87' lang='lat' dir='ltr'><strong>quam</strong></span> <span class='ocrx_word' id='word_1_122' title='bbox 361 1678 586 1738; x_wconf 86' lang='lat' dir='ltr'><strong>accuratissime</strong></span> <span class='ocrx_word' id='word_1_123' title='bbox 610 1678 771 1756; x_wconf 82' lang='lat' dir='ltr'><strong>descripsit</strong></span> <span class='ocrx_word' id='word_1_124' title='bbox 794 1677 942 1758; x_wconf 84' lang='lat' dir='ltr'><strong>codicem3</strong></span> <span class='ocrx_word' id='word_1_125' title='bbox 967 1680 1055 1738; x_wconf 87' lang='lat' dir='ltr'><strong>cuius</strong></span> <span class='ocrx_word' id='word_1_126' title='bbox 1079 1676 1138 1739; x_wconf 88' lang='lat' dir='ltr'><strong>ool-</strong></span> 
     </span>
    </p>
   </div>
   <div class='ocr_carea' id='block_1_3' title="bbox 171 1764 1139 1936">
    <p class='ocr_par' dir='ltr' id='par_1_5' title="bbox 171 1764 1139 1936">
     <span class='ocr_line' id='line_1_18' title="bbox 171 1764 1139 1846; baseline 0.003 -21"><span class='ocrx_word' id='word_1_127' title='bbox 171 1765 281 1826; x_wconf 88' lang='lat' dir='ltr'><strong>latione</strong></span> <span class='ocrx_word' id='word_1_128' title='bbox 309 1764 485 1844; x_wconf 82' lang='lat' dir='ltr'><strong>etflauptii</strong></span> <span class='ocrx_word' id='word_1_129' title='bbox 512 1765 720 1846; x_wconf 85' lang='lat' dir='ltr'><strong>emendatione</strong></span> <span class='ocrx_word' id='word_1_130' title='bbox 748 1783 822 1827; x_wconf 91' lang='lat' dir='ltr'><strong>usus</strong></span> <span class='ocrx_word' id='word_1_131' title='bbox 844 1766 1047 1827; x_wconf 87' lang='lat' dir='ltr'><strong>Mommsenus</strong></span> <span class='ocrx_word' id='word_1_132' title='bbox 1075 1785 1139 1828; x_wconf 92' lang='lat' dir='ltr'><strong>car·</strong></span> 
     </span>
     <span class='ocr_line' id='line_1_19' title="bbox 171 1852 1138 1936; baseline 0.003 -21"><span class='ocrx_word' id='word_1_133' title='bbox 171 1873 241 1915; x_wconf 91' lang='lat' dir='ltr'><strong>men</strong></span> <span class='ocrx_word' id='word_1_134' title='bbox 278 1862 309 1914; x_wconf 94' lang='lat' dir='ltr'><strong>et</strong></span> <span class='ocrx_word' id='word_1_135' title='bbox 346 1858 519 1916; x_wconf 87' lang='lat' dir='ltr'><strong>retractavit</strong></span> <span class='ocrx_word' id='word_1_136' title='bbox 554 1864 584 1916; x_wconf 92' lang='lat' dir='ltr'><strong>et</strong></span> <span class='ocrx_word' id='word_1_137' title='bbox 620 1854 772 1917; x_wconf 81' lang='lat' dir='ltr'><strong>adnotavit</strong></span> <span class='ocrx_word' id='word_1_138' title='bbox 803 1855 904 1916; x_wconf 85' lang='lat' dir='ltr'><strong>Herm.</strong></span> <span class='ocrx_word' id='word_1_139' title='bbox 936 1855 974 1914; x_wconf 85' lang='lat' dir='ltr'><strong>tv</strong></span> <span class='ocrx_word' id='word_1_140' title='bbox 997 1852 1063 1919; x_wconf 85' lang='lat'><strong>350</strong></span> <span class='ocrx_word' id='word_1_141' title='bbox 1074 1875 1138 1936; x_wconf 89' lang='lat' dir='ltr'><strong>sqq.</strong></span> 
     </span>
    </p>
   </div>
   <div class='ocr_carea' id='block_1_4' title="bbox 168 1941 1140 3269">
    <p class='ocr_par' dir='ltr' id='par_1_6' title="bbox 168 1941 1140 2294">
     <span class='ocr_line' id='line_1_20' title="bbox 169 1941 1139 2026; baseline 0.001 -22"><span class='ocrx_word' id='word_1_142' title='bbox 169 1941 321 2013; x_wconf 82' lang='lat' dir='ltr'><strong>Quaedam</strong></span> <span class='ocrx_word' id='word_1_143' title='bbox 350 1946 568 2022; x_wconf 89' lang='lat' dir='ltr'><strong>praestiterunt</strong></span> <span class='ocrx_word' id='word_1_144' title='bbox 595 1943 632 2004; x_wconf 89' lang='lat' dir='ltr'><strong>de</strong></span> <span class='ocrx_word' id='word_1_145' title='bbox 655 1945 756 2026; x_wconf 86' lang='lat' dir='ltr'><strong>Rossi,</strong></span> <span class='ocrx_word' id='word_1_146' title='bbox 784 1944 871 2024; x_wconf 85' lang='lat' dir='ltr'><strong>Ellis,</strong></span> <span class='ocrx_word' id='word_1_147' title='bbox 894 1943 1023 2025; x_wconf 80' lang='lat' dir='ltr'><strong>Machly,</strong></span> <span class='ocrx_word' id='word_1_148' title='bbox 1046 1944 1139 2007; x_wconf 79' lang='lat' dir='ltr'><strong>baeb-</strong></span> 
     </span>
     <span class='ocr_line' id='line_1_21' title="bbox 171 2031 1140 2095; baseline 0.003 -3"><span class='ocrx_word' id='word_1_149' title='bbox 171 2050 252 2095; x_wconf 75' lang='lat' dir='ltr'><strong>renS.</strong></span> <span class='ocrx_word' id='word_1_150' title='bbox 305 2031 363 2093; x_wconf 90' lang='lat' dir='ltr'><strong>Ubi</strong></span> <span class='ocrx_word' id='word_1_151' title='bbox 399 2035 456 2093; x_wconf 88' lang='lat' dir='ltr'><strong>viri</strong></span> <span class='ocrx_word' id='word_1_152' title='bbox 493 2033 574 2094; x_wconf 93' lang='lat' dir='ltr'><strong>docti</strong></span> <span class='ocrx_word' id='word_1_153' title='bbox 610 2035 641 2093; x_wconf 93' lang='lat' dir='ltr'><strong>in</strong></span> <span class='ocrx_word' id='word_1_154' title='bbox 678 2033 791 2094; x_wconf 88' lang='lat' dir='ltr'><strong>codicis</strong></span> <span class='ocrx_word' id='word_1_155' title='bbox 826 2033 954 2095; x_wconf 86' lang='lat' dir='ltr'><strong>lectione</strong></span> <span class='ocrx_word' id='word_1_156' title='bbox 991 2034 1140 2095; x_wconf 93' lang='lat' dir='ltr'><strong>enotanda</strong></span> 
     </span>
     <span class='ocr_line' id='line_1_22' title="bbox 168 2121 1139 2204; baseline 0.003 -23"><span class='ocrx_word' id='word_1_157' title='bbox 168 2121 356 2204; x_wconf 86' lang='lat' dir='ltr'><strong>discrepant,</strong></span> <span class='ocrx_word' id='word_1_158' title='bbox 380 2122 460 2201; x_wconf 90' lang='lat' dir='ltr'><strong>quod</strong></span> <span class='ocrx_word' id='word_1_159' title='bbox 483 2141 551 2182; x_wconf 88' lang='lat' dir='ltr'><strong>raro</strong></span> <span class='ocrx_word' id='word_1_160' title='bbox 575 2123 696 2198; x_wconf 86' lang='lat' dir='ltr'><strong>accidit,</strong></span> <span class='ocrx_word' id='word_1_161' title='bbox 720 2121 907 2202; x_wconf 85' lang='lat' dir='ltr'><strong>Kruegerum</strong></span> <span class='ocrx_word' id='word_1_162' title='bbox 931 2122 1029 2184; x_wconf 85' lang='lat' dir='ltr'><strong>solum</strong></span> <span class='ocrx_word' id='word_1_163' title='bbox 1052 2126 1139 2203; x_wconf 90' lang='lat' dir='ltr'><strong>sequi</strong></span> 
     </span>
     <span class='ocr_line' id='line_1_23' title="bbox 171 2204 414 2294; baseline 0 -24"><span class='ocrx_word' id='word_1_164' title='bbox 171 2212 244 2270; x_wconf 90' lang='lat' dir='ltr'><strong>satis</strong></span> <span class='ocrx_word' id='word_1_165' title='bbox 266 2204 414 2294; x_wconf 83' lang='lat' dir='ltr'><strong>hahut.]1)</strong></span> 
     </span>
    </p>

    <p class='ocr_par' dir='ltr' id='par_1_7' title="bbox 169 2296 1139 3269">
     <span class='ocr_line' id='line_1_24' title="bbox 238 2296 1138 2380; baseline 0.001 -20"><span class='ocrx_word' id='word_1_166' title='bbox 238 2298 375 2360; x_wconf 85' lang='lat' dir='ltr'><strong>Carmina</strong></span> <span class='ocrx_word' id='word_1_167' title='bbox 399 2296 469 2362; x_wconf 82' lang='grc'><strong>5.6</strong></span> <span class='ocrx_word' id='word_1_168' title='bbox 498 2318 534 2360; x_wconf 84' lang='lat' dir='ltr'><strong>ex</strong></span> <span class='ocrx_word' id='word_1_169' title='bbox 561 2298 639 2359; x_wconf 91' lang='lat' dir='ltr'><strong>libro</strong></span> <span class='ocrx_word' id='word_1_170' title='bbox 666 2298 812 2360; x_wconf 90' lang='lat' dir='ltr'><strong>Vossiano</strong></span> <span class='ocrx_word' id='word_1_171' title='bbox 843 2297 978 2380; x_wconf 86' lang='lat' dir='ltr'><strong>quart9</strong></span> <span class='ocrx_word' id='word_1_172' title='bbox 1004 2319 1081 2362; x_wconf 91' lang='lat' dir='ltr'><strong>saec.</strong></span> <span class='ocrx_word' id='word_1_173' title='bbox 1100 2298 1138 2361; x_wconf 87' lang='lat' dir='ltr'><strong>vl</strong></span> 
     </span>
     <span class='ocr_line' id='line_1_25' title="bbox 170 2389 1139 2468; baseline 0.003 -20"><span class='ocrx_word' id='word_1_174' title='bbox 170 2406 189 2448; x_wconf 92' lang='lat' dir='ltr'><strong>a</strong></span> <span class='ocrx_word' id='word_1_175' title='bbox 218 2406 265 2449; x_wconf 89' lang='lat' dir='ltr'><strong>me</strong></span> <span class='ocrx_word' id='word_1_176' title='bbox 294 2396 417 2468; x_wconf 88' lang='lat' dir='ltr'><strong>rogatus</strong></span> <span class='ocrx_word' id='word_1_177' title='bbox 445 2389 574 2467; x_wconf 78' lang='lat' dir='ltr'><strong>benigne</strong></span> <span class='ocrx_word' id='word_1_178' title='bbox 603 2389 765 2468; x_wconf 88' lang='lat' dir='ltr'><strong>descripsit</strong></span> <span class='ocrx_word' id='word_1_179' title='bbox 790 2391 955 2450; x_wconf 78' lang='lat' dir='ltr'><strong>Gulielmus</strong></span> <span class='ocrx_word' id='word_1_180' title='bbox 983 2392 1024 2449; x_wconf 86' lang='lat' dir='ltr'><strong>du</strong></span> <span class='ocrx_word' id='word_1_181' title='bbox 1048 2390 1139 2451; x_wconf 80' lang='lat' dir='ltr'><strong>Rieu.</strong></span> 
     </span>
     <span class='ocr_line' id='line_1_26' title="bbox 171 2473 1138 2557; baseline 0.002 -21"><span class='ocrx_word' id='word_1_182' title='bbox 171 2475 336 2539; x_wconf 73' lang='lat' dir='ltr'><strong>bandinius</strong></span> <span class='ocrx_word' id='word_1_183' title='bbox 359 2478 486 2555; x_wconf 83' lang='lat' dir='ltr'><strong>catalogi</strong></span> <span class='ocrx_word' id='word_1_184' title='bbox 504 2476 575 2537; x_wconf 87' lang='lat' dir='ltr'><strong>bibi.</strong></span> <span class='ocrx_word' id='word_1_185' title='bbox 593 2476 681 2538; x_wconf 93' lang='lat' dir='ltr'><strong>Laur.</strong></span> <span class='ocrx_word' id='word_1_186' title='bbox 701 2487 772 2537; x_wconf 92' lang='lat' dir='ltr'><strong>tom.</strong></span> <span class='ocrx_word' id='word_1_187' title='bbox 791 2476 833 2538; x_wconf 84' lang='lat' dir='ltr'><strong>itt</strong></span> <span class='ocrx_word' id='word_1_188' title='bbox 856 2495 884 2556; x_wconf 88' lang='lat' dir='ltr'><strong>p.</strong></span> <span class='ocrx_word' id='word_1_189' title='bbox 898 2473 943 2539; x_wconf 84' lang='lat'><strong>35</strong></span> <span class='ocrx_word' id='word_1_190' title='bbox 953 2495 1017 2556; x_wconf 81' lang='lat' dir='ltr'><strong>sqq.</strong></span> <span class='ocrx_word' id='word_1_191' title='bbox 1040 2475 1081 2538; x_wconf 78' lang='lat'><strong>77</strong></span> <span class='ocrx_word' id='word_1_192' title='bbox 1094 2495 1138 2557; x_wconf 84' lang='lat' dir='ltr'><strong>sq.</strong></span> 
     </span>
     <span class='ocr_line' id='line_1_27' title="bbox 170 2559 1137 2653; baseline 0.002 -29"><span class='ocrx_word' id='word_1_193' title='bbox 170 2584 188 2624; x_wconf 90' lang='lat' dir='ltr'><strong>e</strong></span> <span class='ocrx_word' id='word_1_194' title='bbox 212 2567 315 2627; x_wconf 91' lang='lat' dir='ltr'><strong>codice</strong></span> <span class='ocrx_word' id='word_1_195' title='bbox 339 2585 416 2630; x_wconf 91' lang='lat' dir='ltr'><strong>saec.</strong></span> <span class='ocrx_word' id='word_1_196' title='bbox 439 2565 508 2627; x_wconf 86' lang='lat' dir='ltr'>Xlll</span> <span class='ocrx_word' id='word_1_197' title='bbox 531 2559 746 2653; x_wconf 72' lang='lat' dir='ltr'><strong>(Laurentiano</strong></span> <span class='ocrx_word' id='word_1_198' title='bbox 771 2563 822 2647; x_wconf 82' lang='lat'><strong>73,</strong></span> <span class='ocrx_word' id='word_1_199' title='bbox 845 2560 900 2647; x_wconf 82' lang='lat'><strong>16)</strong></span> <span class='ocrx_word' id='word_1_200' title='bbox 931 2565 1025 2626; x_wconf 89' lang='lat' dir='ltr'><strong>edidit</strong></span> <span class='ocrx_word' id='word_1_201' title='bbox 1053 2575 1083 2627; x_wconf 95' lang='lat' dir='ltr'><strong>et</strong></span> <span class='ocrx_word' id='word_1_202' title='bbox 1105 2569 1137 2627; x_wconf 91' lang='lat' dir='ltr'><strong>in</strong></span> 
     </span>
     <span class='ocr_line' id='line_1_28' title="bbox 170 2649 1139 2738; baseline 0.002 -24"><span class='ocrx_word' id='word_1_203' title='bbox 170 2655 237 2715; x_wconf 84' lang='lat' dir='ltr'><strong>cod.</strong></span> <span class='ocrx_word' id='word_1_204' title='bbox 261 2674 284 2716; x_wconf 86' lang='lat' dir='ltr'><strong>s.</strong></span> <span class='ocrx_word' id='word_1_205' title='bbox 308 2654 348 2715; x_wconf 83' lang='lat' dir='ltr'><strong>xt</strong></span> <span class='ocrx_word' id='word_1_206' title='bbox 371 2653 473 2736; x_wconf 88' lang='lat' dir='ltr'><strong>(Laur.</strong></span> <span class='ocrx_word' id='word_1_207' title='bbox 493 2649 617 2738; x_wconf 65' lang='lat'><strong>73,‘41)</strong></span> <span class='ocrx_word' id='word_1_208' title='bbox 646 2664 748 2716; x_wconf 86' lang='lat' dir='ltr'><strong>extare</strong></span> <span class='ocrx_word' id='word_1_209' title='bbox 777 2654 892 2736; x_wconf 88' lang='lat' dir='ltr'><strong>docuit;</strong></span> <span class='ocrx_word' id='word_1_210' title='bbox 921 2655 973 2716; x_wconf 90' lang='lat' dir='ltr'><strong>sed</strong></span> <span class='ocrx_word' id='word_1_211' title='bbox 1004 2655 1046 2716; x_wconf 89' lang='lat' dir='ltr'><strong>nil</strong></span> <span class='ocrx_word' id='word_1_212' title='bbox 1068 2658 1139 2716; x_wconf 84' lang='lat' dir='ltr'><strong>novi</strong></span> 
     </span>
     <span class='ocr_line' id='line_1_29' title="bbox 171 2743 1137 2824; baseline 0.002 -21"><span class='ocrx_word' id='word_1_213' title='bbox 171 2743 289 2805; x_wconf 76' lang='lat' dir='ltr'><strong>tructus</strong></span> <span class='ocrx_word' id='word_1_214' title='bbox 317 2745 386 2805; x_wconf 90' lang='lat' dir='ltr'><strong>inde</strong></span> <span class='ocrx_word' id='word_1_215' title='bbox 418 2747 548 2824; x_wconf 87' lang='lat' dir='ltr'><strong>percepi.</strong></span> <span class='ocrx_word' id='word_1_216' title='bbox 601 2743 804 2805; x_wconf 87' lang='lat' dir='ltr'><strong>Schneiderus</strong></span> <span class='ocrx_word' id='word_1_217' title='bbox 836 2763 873 2805; x_wconf 83' lang='lat' dir='ltr'><strong>cx</strong></span> <span class='ocrx_word' id='word_1_218' title='bbox 905 2744 970 2805; x_wconf 89' lang='lat' dir='ltr'><strong>cod.</strong></span> <span class='ocrx_word' id='word_1_219' title='bbox 998 2744 1137 2807; x_wconf 88' lang='lat' dir='ltr'><strong>Vratisla·</strong></span> 
     </span>
     <span class='ocr_line' id='line_1_30' title="bbox 172 2831 1137 2895; baseline 0.005 -5"><span class='ocrx_word' id='word_1_220' title='bbox 172 2835 268 2893; x_wconf 92' lang='lat' dir='ltr'><strong>vieusi</strong></span> <span class='ocrx_word' id='word_1_221' title='bbox 291 2832 361 2894; x_wconf 89' lang='lat' dir='ltr'><strong>bibl.</strong></span> <span class='ocrx_word' id='word_1_222' title='bbox 389 2837 520 2895; x_wconf 85' lang='lat' dir='ltr'><strong>univers.</strong></span> <span class='ocrx_word' id='word_1_223' title='bbox 543 2832 584 2893; x_wconf 89' lang='lat'><strong>111</strong></span> <span class='ocrx_word' id='word_1_224' title='bbox 607 2831 688 2895; x_wconf 74' lang='lat' dir='ltr'><strong>rte</strong></span> <span class='ocrx_word' id='word_1_225' title='bbox 717 2852 794 2895; x_wconf 87' lang='lat' dir='ltr'><strong>saec.</strong></span> <span class='ocrx_word' id='word_1_226' title='bbox 818 2832 858 2894; x_wconf 85' lang='lat' dir='ltr'><strong>xl</strong></span> <span class='ocrx_word' id='word_1_227' title='bbox 885 2834 987 2895; x_wconf 85' lang='lat' dir='ltr'><strong>edidit.</strong></span> <span class='ocrx_word' id='word_1_228' title='bbox 1033 2833 1066 2895; x_wconf 92' lang='lat' dir='ltr'><strong>lu</strong></span> <span class='ocrx_word' id='word_1_229' title='bbox 1090 2835 1137 2895; x_wconf 93' lang='lat' dir='ltr'><strong>his</strong></span> 
     </span>
     <span class='ocr_line' id='line_1_31' title="bbox 171 2919 1138 3006; baseline 0.004 -25"><span class='ocrx_word' id='word_1_230' title='bbox 171 2919 257 2982; x_wconf 91' lang='lat' dir='ltr'><strong>libris</strong></span> <span class='ocrx_word' id='word_1_231' title='bbox 290 2923 434 3001; x_wconf 89' lang='lat' dir='ltr'><strong>quaedam</strong></span> <span class='ocrx_word' id='word_1_232' title='bbox 467 2924 595 2983; x_wconf 78' lang='lat' dir='ltr'><strong>Antonio</strong></span> <span class='ocrx_word' id='word_1_233' title='bbox 626 2923 729 2983; x_wconf 86' lang='lat' dir='ltr'><strong>Musae</strong></span> <span class='ocrx_word' id='word_1_234' title='bbox 762 2934 792 2984; x_wconf 94' lang='lat' dir='ltr'><strong>et</strong></span> <span class='ocrx_word' id='word_1_235' title='bbox 820 2922 946 3001; x_wconf 78' lang='lat' dir='ltr'><strong>Apuleio</strong></span> <span class='ocrx_word' id='word_1_236' title='bbox 979 2924 1138 3006; x_wconf 80' lang='lat' dir='ltr'><strong>adscripta,</strong></span> 
     </span>
     <span class='ocr_line' id='line_1_32' title="bbox 170 3011 1136 3096; baseline 0.003 -25"><span class='ocrx_word' id='word_1_237' title='bbox 170 3011 281 3072; x_wconf 75' lang='lat' dir='ltr'><strong>medIci</strong></span> <span class='ocrx_word' id='word_1_238' title='bbox 303 3013 465 3091; x_wconf 90' lang='lat' dir='ltr'><strong>praecipue</strong></span> <span class='ocrx_word' id='word_1_239' title='bbox 488 3013 621 3091; x_wconf 85' lang='lat' dir='ltr'><strong>generis,</strong></span> <span class='ocrx_word' id='word_1_240' title='bbox 644 3014 853 3090; x_wconf 87' lang='lat' dir='ltr'><strong>inveniuntur;</strong></span> <span class='ocrx_word' id='word_1_241' title='bbox 876 3011 1083 3096; x_wconf 76' lang='lat' dir='ltr'><strong>Apuleianam,</strong></span> <span class='ocrx_word' id='word_1_242' title='bbox 1106 3013 1136 3074; x_wconf 90' lang='lat' dir='ltr'><strong>id</strong></span> 
     </span>
     <span class='ocr_line' id='line_1_33' title="bbox 169 3092 1137 3185; baseline 0.003 -26"><span class='ocrx_word' id='word_1_243' title='bbox 169 3110 218 3160; x_wconf 88' lang='lat' dir='ltr'><strong>est</strong></span> <span class='ocrx_word' id='word_1_244' title='bbox 244 3099 412 3162; x_wconf 89' lang='lat' dir='ltr'><strong>Plautinam</strong></span> <span class='ocrx_word' id='word_1_245' title='bbox 441 3093 493 3183; x_wconf 86' lang='lat' dir='ltr'><strong>(cs.</strong></span> <span class='ocrx_word' id='word_1_246' title='bbox 522 3120 547 3161; x_wconf 88' lang='lat' dir='ltr'><strong>c.</strong></span> <span class='ocrx_word' id='word_1_247' title='bbox 572 3092 651 3185; x_wconf 76' lang='lat'>712)</span> <span class='ocrx_word' id='word_1_248' title='bbox 684 3103 730 3161; x_wconf 92' lang='lat' dir='ltr'><strong>rei</strong></span> <span class='ocrx_word' id='word_1_249' title='bbox 757 3103 899 3162; x_wconf 88' lang='lat' dir='ltr'><strong>metricae</strong></span> <span class='ocrx_word' id='word_1_250' title='bbox 927 3101 1137 3162; x_wconf 83' lang='lat' dir='ltr'><strong>formationem</strong></span> 
     </span>
     <span class='ocr_line' id='line_1_34' title="bbox 170 3187 1136 3269; baseline 0.001 -20"><span class='ocrx_word' id='word_1_251' title='bbox 170 3187 244 3250; x_wconf 90' lang='lat' dir='ltr'><strong>haec</strong></span> <span class='ocrx_word' id='word_1_252' title='bbox 268 3207 387 3269; x_wconf 89' lang='lat' dir='ltr'><strong>quoque</strong></span> <span class='ocrx_word' id='word_1_253' title='bbox 410 3191 543 3251; x_wconf 90' lang='lat' dir='ltr'><strong>carmina</strong></span> <span class='ocrx_word' id='word_1_254' title='bbox 566 3208 637 3269; x_wconf 88' lang='lat' dir='ltr'><strong>prae</strong></span> <span class='ocrx_word' id='word_1_255' title='bbox 661 3208 693 3250; x_wconf 91' lang='lat' dir='ltr'><strong>se</strong></span> <span class='ocrx_word' id='word_1_256' title='bbox 716 3191 827 3251; x_wconf 86' lang='lat' dir='ltr'><strong>serunt.</strong></span> <span class='ocrx_word' id='word_1_257' title='bbox 870 3188 953 3260; x_wconf 84' lang='lat' dir='ltr'><strong>Quae</strong></span> <span class='ocrx_word' id='word_1_258' title='bbox 976 3191 1136 3251; x_wconf 89' lang='lat' dir='ltr'><strong>emendare</strong></span> 
     </span>
    </p>
   </div>
   <div class='ocr_carea' id='block_1_5' title="bbox 169 3413 1138 3629">
    <p class='ocr_par' dir='ltr' id='par_1_8' title="bbox 169 3413 1138 3629">
     <span class='ocr_line' id='line_1_35' title="bbox 242 3413 1137 3485; baseline 0.003 -18"><span class='ocrx_word' id='word_1_259' title='bbox 242 3417 268 3471; x_wconf 81' lang='lat' dir='ltr'><strong>li</strong></span> <span class='ocrx_word' id='word_1_260' title='bbox 293 3417 329 3484; x_wconf 86' lang='lat' dir='ltr'><strong>[r.</strong></span> <span class='ocrx_word' id='word_1_261' title='bbox 344 3419 378 3468; x_wconf 83' lang='lat'><strong>31</strong></span> <span class='ocrx_word' id='word_1_262' title='bbox 403 3413 449 3469; x_wconf 77' lang='lat' dir='ltr'><strong>Sic</strong></span> <span class='ocrx_word' id='word_1_263' title='bbox 475 3415 552 3470; x_wconf 80' lang='lat' dir='ltr'><strong>Iouis</strong></span> <span class='ocrx_word' id='word_1_264' title='bbox 574 3419 608 3467; x_wconf 81' lang='lat'><strong>87</strong></span> <span class='ocrx_word' id='word_1_265' title='bbox 633 3413 766 3471; x_wconf 79' lang='lat' dir='ltr'><strong>Siluanus</strong></span> <span class='ocrx_word' id='word_1_266' title='bbox 788 3421 878 3469; x_wconf 83' lang='lat' dir='ltr'><strong>custos</strong></span> <span class='ocrx_word' id='word_1_267' title='bbox 901 3417 935 3467; x_wconf 84' lang='grc'><strong>96</strong></span> <span class='ocrx_word' id='word_1_268' title='bbox 959 3415 1026 3484; x_wconf 75' lang='lat' dir='ltr'><strong>quid</strong></span> <span class='ocrx_word' id='word_1_269' title='bbox 1052 3421 1137 3485; x_wconf 83' lang='lat' dir='ltr'><strong>raptu</strong></span> 
     </span>
     <span class='ocr_line' id='line_1_36' title="bbox 169 3484 1138 3629; baseline -0.001 -89"><span class='ocrx_word' id='word_1_270' title='bbox 169 3485 454 3629; x_wconf 58' lang='lat' dir='ltr'><strong>I1)³lraocseeppp&#39;ppperputri:</strong></span> <span class='ocrx_word' id='word_1_271' title='bbox 477 3485 529 3539; x_wconf 84' lang='lat' dir='ltr'><strong>has</strong></span> <span class='ocrx_word' id='word_1_272' title='bbox 548 3484 661 3540; x_wconf 87' lang='lat' dir='ltr'><strong>Morelii</strong></span> <span class='ocrx_word' id='word_1_273' title='bbox 686 3485 862 3540; x_wconf 78' lang='lat' dir='ltr'><strong>coniecturas</strong></span> <span class='ocrx_word' id='word_1_274' title='bbox 886 3485 1087 3541; x_wconf 80' lang='lat' dir='ltr'><strong>commentario</strong></span> <span class='ocrx_word' id='word_1_275' title='bbox 1112 3485 1138 3539; x_wconf 86' lang='lat' dir='ltr'><strong>si</strong></span> 
     </span>
    </p>
   </div>
   <div class='ocr_carea' id='block_1_6' title="bbox 0 0 1328 3920">
    <p class='ocr_par' dir='ltr' id='par_1_9' title="bbox 0 0 1328 3920">
     <span class='ocr_line' id='line_1_37' title="bbox 0 0 1328 3920; baseline 0 1"><span class='ocrx_word' id='word_1_276' title='bbox 0 0 1328 3920; x_wconf 95' lang='lat' dir='ltr'><strong> </strong></span> 
     </span>
    </p>
   </div>
  </div>
 </body>
</html>
