2646 3920
180 173 268 229 XLIV
560 170 766 226 PRAEFATIO

181 341 271 401 lectio
286 347 332 400 est
345 338 493 420 Filoculc',
513 339 608 419 qualis
628 341 777 418 scriptura
792 348 898 418 quarto
914 338 1032 400 saeculo
1048 333 1148 419 (‘Por·

182 425 253 490 firii'
273 422 383 513 aetate)
403 431 461 489 iam
480 427 639 508 increbuit,
661 437 690 489 et
711 420 751 511 (v.
764 422 801 511 4)
822 444 919 506 espec.
966 427 1063 510 Vides,
1082 431 1148 508 qui·

182 517 239 579 bus
263 519 343 578 vitiis
366 521 533 597 scripturae
557 526 662 596 poetae
685 516 727 578 illi
746 516 878 578 Africani
901 516 1089 597 indulserint,
1113 526 1153 579 ut

182 606 315 688 dubites,
339 625 375 667 au
399 625 459 667 nou
483 605 577 667 multo
605 605 742 687 pluribus
770 606 844 667 locis
874 605 943 666 talia
967 625 1003 666 ex
1026 609 1053 666 Α
1077 609 1150 667 reti·

182 697 278 758 nenda
303 696 428 757 luerint:
452 706 482 756 at
500 703 603 757 contra
627 698 776 756 incertum
794 694 913 774 putabis
933 696 964 755 iu
985 694 1150 775 plerisque,

183 784 332 865 quomodo
351 796 456 864 poetae
475 787 533 864 ipsi
551 784 672 845 ultimae
687 787 792 845 aetatis
810 784 946 844 homines
966 802 1063 864 neque
1078 784 1149 845 doc-

182 876 290 935 tissimi
308 892 407 953 neque
426 892 496 933 vero
516 891 641 952 prorsus
660 874 750 934 rudes
771 881 801 934 et
819 872 934 953 inculti,
957 875 988 933 in
1007 891 1041 933 ea
1060 892 1093 933 re
1113 891 1149 934 se

183 965 340 1043 gesserint,
358 964 536 1043 praesertim
555 980 624 1022 cum
639 964 670 1022 in
684 966 712 1022 Α
730 964 795 1041 ipso
814 970 933 1041 practer
952 960 1083 1041 vulgaria
1097 961 1149 1023 illa

181 1051 340 1132 permultis
360 1050 435 1111 locis
459 1052 608 1130 scriptura
632 1054 743 1111 rectior
762 1054 823 1111 sive
843 1051 1007 1129 elegantior
1031 1059 1147 1113 servata

182 1143 235 1221 sit,
262 1147 297 1201 ut
320 1138 448 1221 dubites,
472 1158 510 1200 an
532 1157 593 1200 non
618 1141 706 1200 etiam
730 1143 848 1219 saepius
872 1140 970 1201 scriba
994 1159 1058 1200 eam
1083 1158 1145 1200 ser-

183 1247 252 1290 vare
278 1227 424 1290 debuerit.
470 1227 552 1300 Quae
581 1246 650 1289 cum
677 1230 719 1289 ita
751 1231 823 1308 sint,
857 1248 911 1308 ego
935 1231 967 1290 in
990 1247 1023 1289 re
1056 1229 1148 1290 dubia

182 1319 212 1379 id
237 1320 297 1400 egi,
330 1327 364 1379 ut
391 1327 586 1398 praeterens
614 1317 708 1398 locos,
741 1336 816 1396 quos
840 1337 856 1378 a
882 1329 968 1396 poeta
992 1320 1057 1397 ipso
1081 1316 1147 1378 har-

183 1406 254 1468 bare
283 1410 412 1486 scriptos
436 1422 502 1469 esse
526 1407 617 1468 certis
645 1408 829 1484 argumentis
856 1416 986 1488 constet,
1014 1406 1150 1486 reliquos

183 1496 219 1557 ad
243 1499 394 1576 antiquam
418 1515 551 1557 normam
575 1493 769 1573 revocarem]
805 1529 843 1539 —
874 1495 933 1574 [dd
957 1495 1150 1557 difficultates

182 1604 253 1646 vero
274 1605 309 1646 ex
333 1585 543 1664 orthographia
566 1585 700 1664 neglecta
724 1593 804 1645 ortas
824 1603 875 1645 eae
899 1584 1047 1645 accedunt
1070 1603 1148 1664 quae

183 1693 220 1734 ex
253 1675 438 1753 neglegentia
461 1676 493 1734 iu
521 1672 612 1734 rebus
641 1675 773 1734 metricis
802 1682 832 1734 et
863 1674 1048 1753 prosodiacis
1077 1692 1145 1734 con·

183 1765 286 1842 spicoa
301 1765 449 1837 oriuntur,
469 1780 557 1842 quam
571 1762 723 1823 Baehrens
741 1780 860 1841 quoque
879 1762 983 1823 adesse
998 1763 1150 1824 concedit:

184 1870 260 1931 quae
284 1870 353 1913 cum
376 1854 407 1911 in
438 1850 502 1911 aliis
535 1849 644 1911 horum
676 1861 831 1930 poetarum
863 1853 991 1912 maxima
1014 1861 1060 1912 est
1082 1860 1146 1912 tum

183 1944 214 2001 iu
231 1935 461 2022 Lux0r101).-
480 1938 604 2000 Praeter
622 1940 676 1999 has
695 1939 768 2000 duas
788 1957 892 2000 causas
912 1952 942 2001 et
960 1949 1051 2002 tenue
1070 1940 1144 2000 mul·

183 2043 282 2090 torum
306 2038 462 2108 poetarum
490 2029 643 2106 ingenium
667 2038 698 2088 et
725 2046 823 2088 sermo
847 2031 972 2090 vitiosus
995 2029 1148 2090 Africano·

183 2137 251 2179 rum
275 2127 306 2178 et
328 2118 383 2178 alia
407 2118 550 2195 elficiuut,
574 2119 662 2178 utin
686 2119 789 2178 critica
813 2119 978 2178 exercenda
1002 2127 1146 2197 textuque

184 2210 236 2286 qui
260 2207 370 2268 dicitur
399 2204 622 2282 constituendo]
647 2209 677 2267 iu
706 2206 808 2268 multis
840 2207 947 2268 horum
981 2209 1147 2269 carminum

182 2296 255 2358 illud
288 2295 409 2374 Hauptii
442 2295 536 2355 valeat
569 2288 831 2378 (opusc.1218):
869 2290 955 2357 ‘mou
987 2299 1149 2357 schwanlct

184 2388 234 2447 bet
264 2387 389 2446 werden
427 2387 477 2445 dic
512 2392 604 2446 uhter
641 2389 708 2446 dem
744 2389 1006 2460 mittetmoesstpen
1043 2388 1147 2446 steheu

184 2479 290 2535 immer
318 2478 358 2533 t‘m
390 2472 515 2549 zwcisel
540 2476 577 2535 od
609 2493 680 2536 mon
710 2477 802 2535 thuan
833 2493 876 2535 zu
908 2477 969 2534 ciel
998 2478 1074 2535 oder
1105 2493 1148 2535 zu

182 2567 285 2638 coertio
307 2557 466 2623 zutraue'.
513 2562 625 2640 [Quare
649 2582 738 2642 quam
761 2565 886 2623 maxime
910 2563 1073 2624 cavendum
1093 2583 1146 2642 pu·

184 2654 252 2733 tavi,
277 2670 314 2712 ne
339 2651 437 2711 studio
461 2662 565 2729 poetas
588 2654 669 2730 ipsos
693 2651 871 2712 emendandi
894 2649 1057 2731 abriperer,
1088 2670 1149 2731 qno

183 2759 327 2820 persaepe
359 2739 501 2800 labuntur
532 2740 733 2802 Baehreusius
758 2741 880 2821 aliique,
913 2739 966 2800 sed
989 2750 1023 2801 ut
1047 2744 1147 2819 singu-

184 2829 281 2889 lorum
305 2828 404 2889 indole
427 2831 512 2908 prius
536 2839 693 2909 perspecta
720 2839 894 2909 statuerem,
922 2828 994 2908 quid
1019 2832 1062 2890 eis
1086 2829 1150 2907 dig·

185 2936 257 2978 num
280 2921 328 2997 sit,
361 2918 431 2996 quid
456 2936 530 2993 non,
563 2918 670 2979 deiude
703 2927 802 2980 autem
830 2928 863 2979 ut
892 2936 981 2997 quam
1013 2921 1147 2997 proxime

183 3025 303 3087 possem
322 3025 356 3068 33
375 3009 489 3067 ratione
508 3007 607 3068 habita
627 3027 661 3068 ac
680 3026 826 3087 perpensa
842 3008 877 3067 ad
896 3006 989 3067 libros
1008 3009 1147 3069 maxime·

185 3115 242 3175 que
266 3095 302 3156 ad
325 3099 352 3155 Α
381 3095 469 3156 verba
497 3105 654 3175 poetarum
681 3093 921 3172 conformarem}

251 3184 292 3245 De
312 3185 421 3264 quibus
439 3184 525 3246 libris
544 3188 575 3246 in
591 3189 762 3247 universum
777 3195 859 3246 recte
873 3187 932 3244 iam
947 3187 1051 3246 statuit
1065 3184 1148 3246 Orel-

185 3273 243 3335 lius
261 3271 320 3356 (ed.
334 3274 459 3335 Phaedr.
474 3295 501 3354 p.
517 3271 612 3356 218):
634 3271 692 3336 ‘Ut
710 3277 875 3350 antiquior,
893 3278 939 3335 sic
958 3277 1048 3335 ettam
1067 3276 1151 3349 quod

257 3482 283 3550 1)
303 3480 358 3552 [Ad
377 3480 450 3535 hanc
464 3479 494 3533 in
508 3496 591 3534 versu
605 3486 666 3550 356,
682 3487 697 3535 1
712 3481 842 3536 candenti
856 3496 873 3532 a
886 3482 972 3548 poeta
986 3478 1148 3549 neglegenti

184 3550 309 3622 positum
326 3567 458 3606 revocare
477 3568 564 3620 quam
581 3552 699 3606 verbum
716 3553 826 3605 mutare
844 3550 941 3621 malo]
