2642 3922
205 228 248 293 72
583 206 586 212 ’
606 224 773 282 conuiuii

249 394 393 474 ¹lamque
418 394 490 477 vale,
513 394 618 455 melior
641 397 781 474 quoniam
804 414 874 474 pars
898 403 962 456 acta
986 397 1045 457 diei
1069 405 1122 459 est.
1191 410 1242 461 219
1316 464 1317 475 ¹

205 490 249 545 Μ.
273 483 361 545 Vtere
386 491 466 545 sorte
490 491 550 564 tua,
575 492 747 563 susceptum
771 485 880 563 pertice
904 504 1022 547 munus.

205 581 268 635 Ias.
288 573 373 634 Nunc
388 576 447 635 iter
461 573 497 633 ad
513 591 614 652 regem
629 573 724 634 nohis.
744 573 822 652 quod
838 582 867 633 tc
882 573 1034 654 adloquor,
1048 575 1105 637 hoc
1116 588 1171 638 est.

205 670 249 724 M.
271 662 347 723 Num
356 663 1171 744 tietuiugemuitnostroautmiseratusamantem[est]?

274 752 310 812 Et
330 751 501 813 dubitamus
516 748 634 813 adhuc?
653 751 856 812 lacrimantem
873 760 903 812 et
917 752 1009 813 multa
1025 754 1170 817 volentem
1315 818 1317 829 4

273 842 379 901 Dicere
403 841 536 902 deseruit
560 841 741 919 rapidusque
764 842 796 901 in
820 848 896 905 tecta
921 845 1054 905 recessit.
1189 858 1243 908 216

273 928 356 1001 Quid'
374 929 457 990 labor
480 929 708 990 autbenelacta
732 927 854 991 iuvant?
878 949 942 990 urea
965 934 1061 993 tristia
1085 934 1141 995 leta

273 1019 362 1080 Fessa
387 1021 493 1079 iacent.
536 1017 587 1079 nbi
610 1037 690 1079 nunc
713 1017 799 1079 uobis
823 1019 897 1081 deus
920 1019 969 1080 ille
993 1024 1134 1099 magister

273 1108 312 1168 Et
335 1108 434 1167 Furiis
457 1109 585 1185 agitatus
608 1126 691 1168 amor
714 1117 744 1168 ct
767 1111 886 1169 conscia
910 1107 1029 1171 virtus?

272 1195 345 1257 Nam
362 1197 431 1277 quid
447 1195 601 1257 dissimulo
616 1208 667 1258 aut
682 1215 756 1276 quae
767 1216 813 1257 me
824 1197 859 1257 ad
871 1199 982 1259 maiora
997 1197 1139 1262 reservo?
1159 1230 1190 1282 p.
1201 1220 1240 1270 37

274 1286 339 1347 Stat
362 1304 449 1347 casus
474 1303 616 1346 renovare
640 1288 746 1365 omnis,
770 1286 840 1346 dare
865 1286 955 1348 lintea
977 1297 1068 1369 retro,
1190 1305 1244 1355 280

273 1375 390 1436 Rursus
413 1383 444 1436 et
468 1373 540 1453 [est]
566 1393 654 1435 casus
678 1374 759 1435 abies
782 1378 882 1436 visura
905 1379 1044 1438 marinos.

273 1464 315 1525 Te
335 1466 409 1547 sine,
428 1465 529 1544 irater,
548 1467 614 1524 erit.
648 1464 726 1542 quod
748 1467 774 1525 si
792 1483 856 1526 mea
876 1467 997 1526 numina
1017 1485 1075 1527 non
1091 1477 1170 1545 sunt,

274 1553 408 1615 Flectere
433 1556 459 1613 si
483 1571 598 1632 nequeo
623 1572 756 1633 superos,
780 1554 948 1616 Acheronta
973 1555 1111 1617 movebo!

632 1724 748 1780 illiorus

465 1819 558 1880 Dictis
582 1822 692 1880 exarsit
715 1823 746 1880 iu
770 1823 829 1880 iras

420 1907 519 1968 lusani
541 1908 644 1968 Martis
668 1928 777 1990 amore,

420 1998 588 2058 Poenorum
613 1997 708 2077 qrralis
732 2001 763 2059 in
787 2001 865 2059 arvis

422 2085 585 2163 Venantum
609 2096 691 2165 septa
716 2106 826 2147 corona

422 2175 510 2236 Fulva
535 2178 650 2237 cervice
674 2176 788 2256 leaena3

465 2263 567 2334 Qualis
591 2265 664 2326 mala
688 2268 821 2344 gramina
844 2275 947 2345 pastus

420 2353 530 2414 Tracta
554 2373 586 2414 se
610 2354 722 2433 colligit
745 2357 859 2434 anguis,

421 2442 579 2503 Tumidum
605 2462 693 2523 quem
717 2443 822 2505 bruma
846 2444 977 2522 tegebat:

420 2530 515 2610 Captrt
538 2531 628 2592 altum
653 2536 683 2592 iu
706 2533 819 2611 proelia
843 2532 928 2610 tollit,

406 2620 544 2699 Linguis
567 2623 656 2681 micat
680 2640 731 2682 ore
754 2622 899 2704 trisulcis3

466 2707 581 2785 [Qualis
604 2755 930 2772 ·······
933 2710 945 2788 l

421 2797 520 2858 Furiis
543 2800 670 2877 agitatus
695 2799 816 2860 Orestes

278 2953 331 3001 270
350 2949 439 3015 qniA
477 2954 520 3004 est
538 2968 587 3007 out.
607 2952 676 3006 Aen.
693 2954 743 3007 IX
756 2959 807 3008 156
863 2958 914 3008 273
932 2954 996 3008 Non
1016 2955 1171 3023 A,sedcf.

208 3020 276 3073 Aen.
291 3019 340 3073 IV
352 3024 404 3073 369
427 3076 429 3080 ,
459 3020 525 3075 fleto
544 3022 724 3092 ingemuinfo
743 3027 771 3077 A
826 3025 934 3079 ementi
952 3027 989 3094 A,
1007 3027 1042 3093 cf.
1061 3029 1098 3082 ib.
1118 3032 1172 3082 370

208 3092 252 3143 est
270 3106 319 3145 ouo.
339 3092 367 3144 A
457 3097 508 3145 276
527 3093 628 3148 iubant
647 3095 674 3148 A
729 3095 852 3150 tristicia
871 3098 898 3151 A
988 3103 1040 3152 278
1060 3097 1086 3152 ei
1105 3115 1171 3153 con·

207 3160 327 3215 seientia
341 3163 369 3215 A
424 3168 475 3216 279
490 3164 628 3219 desimulo
646 3166 673 3219 A
710 3183 781 3235 quae
796 3168 864 3222 Aen,
879 3168 930 3222 IV
940 3172 1004 3224 368:
1024 3169 1092 3237 quid
1107 3171 1135 3225 A

209 3237 261 3285 280
279 3233 415 3288 renobare
434 3240 460 3289 A
505 3238 534 3289 et
554 3236 621 3290 dare
640 3238 677 3304 A,
696 3254 763 3293 corr.
785 3239 913 3309 Menona
995 3244 1045 3293 281
1067 3243 1110 3294 est
1127 3257 1172 3296 om

208 3305 243 3359 A.
272 3322 339 3360 uum
358 3304 471 3360 Certum
490 3310 534 3361 est
553 3310 581 3362 et
599 3309 631 3363 ct.
645 3312 714 3364 Aen.
733 3310 869 3363 1116862
888 3313 923 3378 cf.
939 3311 1037 3383 Geory.
1052 3313 1091 3366 Π
1101 3316 1134 3365 68

207 3379 259 3429 283
279 3380 412 3430 aceronta
430 3378 458 3432 A
540 3383 592 3432 286
610 3378 720 3452 Penoui
740 3381 768 3435 A
809 3380 884 3435 erbis
903 3382 932 3436 A
1018 3383 1172 3455 2881991111

207 3482 235 3534 A
308 3487 359 3536 999
374 3483 492 3538 Tractus
507 3487 580 3539 seaA
652 3464 873 3541 291Tumidla²m
891 3490 918 3542 A
992 3494 1043 3542 999
1062 3489 1173 3557 proelia

209 3554 376 3622 sternentes
394 3555 422 3607 A
481 3561 533 3610 999
551 3556 662 3610 risurus
682 3560 710 3612 A
769 3546 953 3616 9991663131·
1007 3565 1060 3613 991
1078 3560 1171 3615 Furiis

207 3622 244 3690 A,
263 3623 331 3678 Aen.
350 3626 407 3677 ΙΙΙ
417 3630 467 3678 331
489 3626 598 3681 scaenis
617 3629 666 3682 IV
676 3635 725 3682 471
