2642 3922
440 164 579 222 conteis
599 165 828 223 SALMASIANI.
1076 166 1119 234 87

9 304 10 313 ¹
94 345 133 395 45
155 333 258 406 Fraus,
281 331 367 392 dolus
391 340 422 392 et
445 332 558 393 lurtum
582 332 687 412 pelagi.
729 322 910 414 conponitor
933 354 1004 415 ergo
1120 383 1124 387 .

155 424 243 484 Saeta
267 438 388 502 nocens,
411 420 497 482 fallax
521 422 651 483 calamus
675 429 705 483 et
728 424 860 501 pertidus
884 443 977 504 arnus,

153 512 339 589 Principium
364 510 501 571 sceleris:
523 513 581 571 iam
604 519 686 592 tunc,
709 514 768 572 iam
791 513 923 592 perudus
947 515 1003 574 iste

153 601 325 679 Neptunum
350 598 478 678 spoliare
501 618 609 678 parans
632 602 708 680 petit
730 600 788 661 alta
811 602 953 681 profundi

153 690 268 750 Nereos
291 697 321 749 et
345 689 438 748 vitreo
462 690 621 768 resupinos
644 707 792 750 marmore
816 709 944 770 carnpos.

97 789 135 840 50
154 778 218 839 lllic
242 776 368 838 sollicite
392 772 475 858 [per]
499 796 567 839 saxa
590 778 739 840 medentia
762 797 850 841 curas
1092 810 1123 860 p,
1135 798 1171 850 50

153 868 321 947 Disponens
344 868 464 946 imoque
487 867 609 928 trahens
633 867 768 929 animalia
792 869 883 930 lundo

154 957 247 1016 Serus
270 955 413 1016 furtivum
436 956 586 1018 referebat
610 975 718 1019 munus
741 957 778 1018 ad
802 957 915 1019 urbem.

152 1042 240 1123 †Sed
264 1043 360 1124 palam
384 1062 455 1105 sane
479 1045 619 1107 viderunt
640 1048 767 1129 moenia,
790 1065 878 1127 saepe

153 1135 229 1195 llum
253 1133 386 1196 relevant
408 1133 534 1213 populos
558 1136 639 1195 vario
663 1139 841 1197 commercia
864 1138 957 1216 pisce.

9 1220 11 1243 '
96 1234 134 1285 55
154 1224 284 1285 Cernere
308 1230 372 1284 erat
395 1241 489 1302 genus
513 1242 601 1284 omne
628 1227 733 1306 maris,
763 1224 917 1304 conploret
940 1236 974 1287 ut
996 1225 1115 1288 urbem:

152 1312 229 1373 llinc
252 1330 371 1392 scarus,
394 1312 464 1373 hinc
488 1315 601 1393 varius,
624 1313 695 1374 hine
718 1332 864 1394 purpura,
888 1314 1013 1394 polypus
1036 1316 1117 1395 inde,

152 1401 229 1462 Hinc
252 1419 376 1462 murena
399 1401 517 1483 ardens,
540 1401 621 1462 illino
645 1411 747 1464 aurata
771 1420 932 1463 coruscans

153 1490 191 1550 Et
213 1509 321 1552 cancer
345 1490 475 1571 mordax,
498 1501 582 1569 tergo
607 1500 638 1550 et
660 1500 798 1552 russaote
822 1490 946 1572 locusta,

153 1579 306 1661 Thyonae,
329 1579 418 1659 salpa,
441 1597 541 1659 pager,
564 1579 662 1658 lupus,
686 1589 793 1660 ostrea,
817 1581 908 1660 sepia,
931 1579 1040 1640 mullus

95 1681 133 1731 eo
152 1668 191 1729 Et
215 1669 358 1749 quidquid
383 1677 503 1747 captum
527 1668 653 1729 iaciebat
676 1671 760 1748 copia
785 1668 849 1730 vile.

151 1757 295 1819 Proderat
317 1757 374 1818 hoc
396 1757 440 1817 illi
462 1765 578 1818 tantum
602 1758 638 1818 ad
662 1758 826 1838 conpendia
850 1760 936 1837 vitae,

150 1848 212 1909 Nec
236 1845 324 1908 dabat
347 1866 396 1907 ars
419 1846 512 1927 aliud3
537 1848 671 1925 quamvis
695 1847 849 1927 praedives
873 1847 991 1907 adesset

150 1937 300 1998 Mereatus
322 1935 433 2015 populi,
457 1943 556 1996 tarnen
579 1936 649 1997 hinc
673 1955 778 1998 mantes
801 1939 857 1997 ista
881 1938 1017 1996 nocentis

149 2025 205 2087 Vix
229 2034 293 2086 erat
315 2043 384 2085 aere
407 2027 514 2103 gravis,
538 2026 647 2086 nedum
671 2028 820 2105 copiosior
844 2043 924 2086 auro.

95 2127 130 2177 65
149 2115 301 2177 Laudatus
324 2132 404 2194 sane,
428 2122 571 2194 quantum
596 2115 749 2194 spectabat
771 2115 807 2175 ad
831 2123 934 2188 artem,

150 2204 188 2267 Et
212 2203 302 2265 stulte
326 2203 427 2264 multis
451 2203 549 2264 dictus
573 2198 752 2282 ‘Neptunius
770 2198 890 2283 ‘heros'3

149 2293 227 2355 Hinc
251 2295 339 2353 etiam
363 2292 505 2353 adsiduus
529 2292 647 2371 templo,
671 2292 742 2352 dom
767 2291 848 2351 solus
871 2292 906 2352 ad
930 2309 1005 2371 arae,

150 2382 238 2445 Solus
261 2384 296 2443 ad
322 2381 412 2442 altare
436 2389 482 2441 est
505 2379 706 2460 precibusque
729 2382 868 2440 insistere
893 2380 989 2440 cultor

149 2471 288 2534 Creditur
312 2478 342 2532 et
365 2469 496 2549 placidos
519 2468 615 2549 pelagi
639 2469 696 2529 sibi
720 2487 843 2547 poscere
867 2468 986 2551 fluctus,

219 2648 254 2697 46
273 2641 399 2696 calemus
417 2640 507 2694 fallax
523 2641 681 2709 Haedos.
700 2641 765 2695 edu.
785 2640 823 2695 od
840 2658 868 2695 u.
884 2644 926 2695 89.
959 2640 1113 2696 Piscatores

147 2720 213 2771 aeut
233 2713 320 2767 ‘fures
338 2711 494 2765 meritumi'
516 2713 611 2767 Placet.
630 2711 706 2766 Rue.
722 2715 774 2764 310
828 2718 862 2766 47
882 2709 1005 2782 inpfidus
1023 2711 1051 2766 A
1070 2710 1112 2765 in·

149 2785 265 2841 territus
284 2784 320 2838 H
333 2783 390 2837 iam
410 2782 532 2852 perfidus
552 2800 598 2854 epo
618 2799 653 2836 en
670 2781 798 2851 perditus
817 2783 971 2838 Baehrens:
998 2798 1065 2837 nem
1083 2801 1111 2852 p.
1151 2854 1157 2858 ἱ

149 2858 311 2926 Petceheaip
392 2860 427 2907 48
446 2854 527 2923 pedit
545 2854 574 2907 A
654 2859 688 2906 49
708 2853 798 2907 Nereo
817 2854 846 2909 A
881 2853 1030 2923 resupinus
1048 2854 1076 2909 A

148 2933 183 2983 50
206 2944 257 2997 per·
280 2927 344 2982 edd.
369 2926 404 2980 H
468 2942 574 2981 saxam.
603 2923 719 2979 edentia
742 2924 771 2979 A
839 2942 920 2980 curos
939 2925 968 2980 A
993 2926 1112 2981 chordas

147 3000 263 3069 Machlp
300 3002 332 3051 51
351 2995 437 3064 imoq3
456 2997 601 3064 trahensq;
620 2997 649 3050 A
685 3002 718 3049 52
737 2995 917 3051 fortibumA
953 3002 987 3050 53
1006 2997 1066 3052 Nee
1083 2998 1113 3053 A

148 3072 197 3125 Set
215 3086 261 3153 epo
301 3067 398 3150 arrium
414 3067 492 3121 sanie
508 3068 543 3122 H
574 3066 786 3150 madueruntA
803 3068 935 3121 viderunt
953 3068 1112 3141 Petschenip

146 3158 244 3268 itti·
256 3139 460 3281 ,alneti
473 3144 620 3263 ,detti
621 3139 670 3263 A
668 3138 989 3264 “Aetnen
981 3156 1112 3265 attii:

147 3285 216 3339 XII
226 3289 251 3352 6,
267 3288 283 3335 6
297 3298 381 3335 uerus
396 3282 425 3336 A
459 3297 583 3350 purpore
596 3279 708 3350 pohpus
722 3281 750 3334 A
800 3284 834 3335 57
849 3279 950 3333 ardens
964 3279 999 3332 H
1010 3297 1043 3334 ecc
1060 3280 1111 3336 Oet.

145 3357 258 3412 delient.
268 3357 320 3407 113
333 3348 451 3406 medens
460 3354 488 3407 A
497 3352 605 3406 micans
616 3353 731 3419 Machlp
758 3366 921 3405 corruscans
932 3350 960 3404 A
996 3354 1029 3404 58
1045 3366 1111 3422 ergo

145 3428 174 3482 A
215 3431 249 3480 59
263 3424 377 3492 Tynnus
391 3423 420 3478 A
455 3439 544 3493 puger
558 3423 593 3477 H
603 3422 683 3492 leges
697 3423 724 3477 A
748 3424 838 3493 pessis
856 3420 944 3477 faber.
964 3439 976 3474 s
994 3421 1044 3492 pie
1057 3423 1086 3478 A

146 3502 180 3551 60
199 3496 283 3566 cupio
297 3496 335 3563 A,
352 3511 420 3550 corr.
435 3495 477 3549 Al
522 3499 556 3547 62
574 3493 729 3549 abessetA
764 3492 944 3548 MercatorA
1003 3493 1031 3548 'n
1048 3496 1076 3549 A

146 3574 181 3622 64
194 3568 285 3622 necdn
303 3566 332 3619 A
368 3570 438 3619 auru
456 3565 492 3633 A,
511 3582 579 3620 corr.
599 3566 639 3619 A¹
695 3570 728 3618 69
747 3563 877 3634 placidus
895 3564 932 3632 A,
951 3583 1019 3622 core.
1039 3567 1079 3620 A¹
