2646 3920
507 193 715 250 PRAEFATIO
1046 197 1098 253 XV

128 371 198 424 ante
226 379 251 423 a.
277 357 378 441 1631,
411 361 448 422 cf.
482 360 619 424 Salmasii
651 364 794 442 epistolae
827 364 872 426 ed.
903 363 1059 426 clementii
1087 364 1099 425 l

126 470 156 531 p.
175 444 272 534 205),
303 451 357 529 qui
383 452 415 511 in
444 445 608 512 ‘Dominici
634 451 740 514 Bandii
768 449 932 514 amoribus'
960 473 985 515 a.
1011 450 1097 517 1638

125 539 318 619 Pervigilium
348 538 474 600 Veneris
501 539 617 620 aliaque
644 541 714 602 inde
743 542 844 603 edidit.
894 542 990 604 Porro
1018 544 1097 623 apud

127 631 310 692 Scriverium
338 627 411 689 vidit
439 628 475 689 ab
499 626 629 712 eoque¹)
661 632 777 710 accepit
799 631 934 692 codicem
956 631 1097 693 Nicolaus

126 719 283 798 Heinsius,
321 719 373 797 qui
411 726 442 779 ct
473 720 505 778 in
538 717 636 780 Ovidii
668 719 882 799 Claudianique
915 720 1097 782 editionibus

127 803 280 891 (Ovidium
303 810 434 887 primum
455 806 548 869 edidit
566 825 591 868 a.
613 805 713 889 1652,
737 807 932 870 Claudianum
950 828 975 871 a.
997 806 1098 892 1650)

127 916 204 967 eum,
224 899 319 976 tangit
347 904 378 957 ct
405 898 470 976 ipse
498 896 702 977 apographum
731 898 845 959 codicis
873 898 931 959 sibi
959 898 1098 978 confecit,

127 986 207 1066 quod
227 984 399 1046 Birrmanno
419 994 540 1065 praesto
559 996 623 1051 erat
642 996 672 1047 et
691 988 761 1047 inde
780 985 817 1048 ab
832 1006 857 1048 a.
873 983 959 1050 1861
980 987 1098 1048 Heidel-

125 1075 235 1154 bergac
258 1077 291 1135 in
323 1073 502 1136 bibliotheca
525 1074 658 1137 Palatina
686 1069 865 1160 servaturi).
912 1075 970 1138 Sed
995 1076 1098 1138 etalii

127 1230 308 1298 desumptam
326 1226 426 1284 edidit.
463 1227 523 1282 Nec
545 1230 642 1284 166166
665 1228 732 1284 inde
755 1229 810 1285 hoc
833 1229 964 1299 efficitur,
988 1229 1096 1284 Scrive-

127 1300 213 1369 11661,
227 1300 276 1370 qni
290 1298 438 1355 eBataria
453 1316 505 1353 sna
517 1317 664 1368 nunquam
678 1317 808 1371 egressus
822 1304 875 1370 est,
890 1301 1016 1356 codicem
1029 1304 1097 1357 tunc

125 1372 221 1442 166661
234 1370 349 1426 vidisse.
376 1369 423 1425 Sic
437 1370 513 1426 enim
526 1371 588 1441 1666
602 1390 629 1441 p.
641 1377 693 1427 190
710 1372 843 1427 ‘Lectori’
858 1371 981 1427 indicat:
997 1373 1098 1429 ‘Vetus

124 1463 159 1500 ea
179 1444 335 1515 Trupccdia
354 1449 500 1498 ...extat
518 1460 603 1512 perrea
625 1445 842 1499 eruditissimmn
866 1443 1018 1500 Claudiam
1035 1443 1098 1500 Sal·

125 1517 255 1583 maasiam,
272 1531 403 1584 magnum
419 1512 530 1569 Galliae
547 1531 614 1571 suae
627 1521 834 1584 armamentum
848 1515 1008 1586 propediem
1024 1516 1096 1583 forte

124 1605 159 1642 eae
180 1588 371 1643 immitissimis
398 1586 562 1641 meatbrams
589 1587 621 1640 im
644 1586 730 1642 lacem
752 1587 914 1655 mimam,
941 1603 1004 1642 cmo
1030 1587 1096 1641 aliis

86 1688 88 1693 ·
125 1658 251 1728 amtigmis
268 1659 451 1713 monumentis
463 1658 659 1726 compluribus,
675 1659 808 1713 hactemus
820 1659 943 1715 ineditis.
981 1674 1097 1728 quorsom

124 1746 200 1799 spem
217 1730 296 1785 mobis
313 1729 384 1796 facit
401 1729 434 1782 m
450 1730 525 1783 motis
543 1729 580 1784 ad
598 1728 744 1785 Historiae
761 1729 905 1801 Aspasiae
928 1730 1094 1799 scriptores)

125 1799 200 1854 Hinc
222 1799 281 1855 iam
303 1798 447 1867 videmus,
471 1815 536 1854 eum
559 1802 629 1854 tnnc
647 1817 681 1855 ex
699 1801 864 1882 apographo
883 1799 980 1870 aliquo
999 1817 1017 1855 a
1036 1799 1097 1855 Sal·
1183 1806 1185 1813 ’

125 1870 217 1926 masio
240 1871 278 1925 ad
302 1887 332 1925 66
355 1868 455 1938 161666,
484 1887 539 1938 666
567 1871 617 1927 1116
645 1871 767 1941 66616611
789 1871 852 1928 1666
875 1872 950 1926 11666
972 1871 1096 1942 priorem

124 1942 244 1997 Medeae
261 1944 374 2011 partem
392 1940 419 1996 61
438 1941 601 2012 descripsit,
620 1946 768 1998 centonem
787 1959 885 2012 66666,
903 1960 961 1998 666
980 1961 1014 1998 ex
1032 1942 1094 2013 1666

125 2013 232 2070 codice.
268 2013 302 2067 Id
325 2012 402 2081 qnod
425 2028 460 2067 ea
483 2030 595 2083 qnoque
618 2016 808 2082 redimatur,
828 2014 952 2082 quodin
972 2016 1096 2070 Senecae

125 2083 352 2157 tragoediarum,
377 2100 448 2152 quas
468 2084 623 2139 Scriverius
647 2103 673 2140 a.
689 2091 758 2141 1621
779 2084 884 2156 edidit,
902 2085 991 2155 praef.
1010 2085 1059 2141 fol.
1079 2092 1095 2139 2

125 2155 959 2297 6116616666211161711111166166
972 2157 1096 2282 titt?

126 2299 202 2368 quod
220 2297 347 2368 profecto
365 2297 490 2367 fecisset,
511 2297 536 2352 61
553 2298 649 2370 166661
666 2299 726 2353 1661
742 2303 812 2355 tnnc
826 2299 954 2354 codicem
967 2271 1096 2353 vidisset’.

125 2369 282 2424 Salmasius
306 2372 402 2424 antem
421 2369 494 2438 quae
512 2370 695 2439 promiserat,
722 2387 756 2425 ex
773 2387 864 2440 parva
882 2373 995 2424 tantum
1013 2372 1096 2439 parte

125 2458 151 2496 6.
172 2446 243 2496 1629
261 2440 416 2511 6166611111.
435 2472 470 2482 -
488 2441 522 2495 16
540 2441 636 2496 Gallia
659 2442 737 2511 apud
756 2440 928 2496 salmasium
945 2440 1096 2495 Balzacius

125 2512 252 2567 codicem
270 2512 384 2567 viderat
405 2514 435 2567 et
454 2528 477 2566 c.
493 2517 526 2567 86
546 2515 576 2567 61
594 2518 647 2568 239
666 2512 869 2583 exscripserat,
895 2513 931 2569 cf.
951 2511 1011 2567 6166
1031 2528 1096 2582 666.

125 2583 182 2654 (ed.
201 2582 291 2638 Paris.
307 2585 388 2653 1666)
405 2585 474 2639 tom.
488 2584 502 2638 I
519 2601 547 2653 p.
563 2590 615 2639 610
626 2602 667 2653 sq.

198 2656 225 2725 1)
243 2654 308 2708 Non
331 2671 349 2708 a
367 2654 508 2709 salmasio
532 2655 624 2726 [66166
649 2656 709 2709 1661
728 2670 801 2709 6666
822 2657 973 2709 16466166
993 2654 1096 2709 ‘hostis

125 2724 298 2798 capitalis']:
318 2726 353 2781 cf.
372 2725 466 2782 Bnrm.
485 2726 505 2783 l.
520 2744 543 2782 c.
562 2746 590 2797 p.
604 2727 727 2783 XLVIII.

200 2801 226 2864 2)
243 2798 326 2851 Hunc
345 2797 574 2867 apographorum
591 2798 769 2867 fasciculum,
795 2814 851 2866 quo
869 2797 1048 2852 Burmannus
1066 2796 1096 2850 in

126 2867 295 2938 anthologia
322 2868 433 2924 edenda
460 2869 596 2925 utebatur
623 2869 727 2938 quique
754 2886 779 2924 a.
804 2873 874 2923 lact
903 2885 938 2924 ex
964 2868 1096 2923 Radinelr

125 2937 281 3008 antiquarii
298 2939 571 2996 Amstelodamensis
596 2940 728 2996 auctione
752 2957 815 2995 meo
834 2944 937 3011 rogatu
956 2957 973 2995 a
992 2939 1095 2994 biblio-

125 3010 210 3065 theca
227 3010 382 3066 Heidelber
402 3011 465 3066 ensi
488 3016 599 3081 emptus
626 3015 682 3079 est,
706 3010 866 3066 accuratius
885 3011 972 3081 66616
992 3011 1096 3066 descri-

124 3082 249 3137 bendum
266 3084 346 3152 6616.
383 3130 385 3133 .
417 3081 489 3152 cipit
506 3100 525 3137 a
542 3082 716 3140 Salmasiani
735 3083 900 3153 apographo
921 3082 967 3139 ‘tt
982 3082 1094 3137 Heinsii

124 3170 212 3207 mann
230 3154 347 3223 scripto’
373 3156 406 3209 61
424 3153 601 3209 Β616166666
625 3153 751 3224 addidit,
776 3154 847 3209 satis
871 3154 1025 3223 diligenter
1042 3168 1095 3208 nec

126 3226 223 3278 tamen
245 3242 359 3294 prorsus
383 3225 422 3279 ad
446 3226 582 3280 amussim
600 3225 692 3294 facto,
711 3242 795 3295 quem
813 3225 958 3282 nonnullis
976 3225 1007 3278 in
1024 3223 1094 3277 locis

126 3293 1094 3438 immulctatimilitabitislatitat?

126 3441 195 3494 tom.
209 3438 237 3493 H
250 3439 288 3492 ad
301 3456 324 3495 c.
340 3442 417 3509 894),
441 3440 492 3494 sed
509 3440 600 3495 multo
611 3439 732 3509 'saepius
750 3439 855 3493 bonam
868 3437 929 3493 6166
942 3436 1095 3493 1661166661

127 3508 312 3580 neglegenter
338 3514 368 3566 et
393 3510 497 3567 1111666
529 3510 686 3581 exscripsit.
731 3510 772 3565 Eo
801 3509 981 3565 continentur
1008 3508 1093 3563 Salm.

124 3596 148 3636 c.
169 3585 265 3637 7-16.
289 3585 404 3639 18-21.
435 3587 477 3638 tt.
501 3588 608 3639 22-98
636 3586 670 3655 (c.
696 3587 820 3637 99-106
847 3581 1026 3636 Β616166666
1060 3595 1093 3632 ex
