2642 3922
433 156 572 213 CODIOIS
592 155 820 211 SALMASIANI.
1069 155 1107 217 Π

145 332 191 389 Μ,
214 323 290 394 Quid
306 318 465 405 dubitasti}
475 325 643 386 audendum
659 324 770 404 dextra,
786 343 866 385 nunc
880 326 944 403 ipsu
954 334 1039 385 vocat
1054 342 1111 386 res.

214 415 327 474 Auctor
350 431 405 492 ego
429 413 566 474 audendi.
608 413 768 474 fecundum
792 422 920 474 concute
943 425 1058 492 pectus.

216 502 247 562 Si
272 520 413 563 concessa
438 511 516 583 peto,
539 505 565 563 si
589 521 699 582 poenus
723 521 775 563 ore
799 520 933 582 reposco,

77 605 129 656 000
215 591 336 651 Nullum
359 593 390 651 in
414 591 504 652 coede
528 592 623 672 neias3
652 587 711 673 [et]
735 610 819 652 emor
842 610 901 652 non
925 591 992 652 talia
1019 601 1113 654 curret.

147 685 211 742 uit.
231 680 333 741 Hostis
356 699 464 760 emere,
488 680 559 760 quid
583 682 746 759 increpites
769 699 833 741 mea
857 683 954 741 tristia
979 678 1058 742 sete?

147 777 192 832 11.
215 769 347 849 Suggere
372 769 429 829 tcta
452 771 527 830 mihi
549 770 698 850 finemque
722 772 831 849 inpone
854 768 957 831 labori.

217 858 366 937 Sanguine
391 859 553 937 quaerendi
577 859 701 920 reditus.

148 951 211 1010 1²11.
231 947 292 1007 Nec
316 955 345 1007 tc
369 958 472 1008 noster
496 966 578 1008 amor
601 952 696 1026 pietas
721 966 776 1008 nec
799 950 914 1027 mitiget
937 948 1004 1028 ulia,

77 1049 131 1099 400
217 1036 278 1097 Nec
301 1039 383 1096 venit
406 1039 435 1096 in
460 1044 591 1097 mentem
615 1047 752 1099 notorum
776 1040 920 1115 sunguine
944 1046 1069 1098 matrem

217 1125 429 1186 Conmocutare
453 1122 582 1187 monus?
606 1129 702 1187 nostri
726 1125 781 1186 tibi
804 1145 876 1188 curu
900 1128 1026 1187 recessit

217 1214 255 1274 Et
279 1217 366 1275 matri
389 1225 566 1293 praereptus
590 1213 694 1276 amor?
1005 1210 1008 1216 ’

149 1310 194 1366 11.
217 1303 336 1364 Crimen
360 1322 442 1363 amor
465 1313 597 1365 vestrum
622 1314 800 1384 spretaeque
823 1306 931 1365 iniuria
955 1306 1067 1365 formae

219 1391 271 1452 iiis
295 1410 427 1452 mersere
451 1393 544 1453 maiis.
586 1394 708 1454 fratrem
732 1411 769 1453 ne
793 1394 899 1453 desere
922 1394 1022 1453 irater.
1041 1426 1086 1435 -

78 1495 131 1545 400
217 1480 384 1542 Poenorum
403 1481 580 1543 exhaustum
600 1484 672 1542 setis
692 1490 752 1563 est,
777 1485 821 1541 vio
842 1482 918 1541 iacto
938 1501 992 1561 per
1010 1481 1115 1562 hostis,

217 1570 256 1630 Et
279 1588 374 1649 genus
396 1573 525 1631 invisum
549 1571 653 1632 dextra
676 1570 733 1631 suh
756 1570 878 1630 Tartara
902 1573 978 1631 misi.

217 1659 338 1720 iamiam
362 1659 441 1720 nulia
466 1678 548 1720 moro
572 1667 618 1720 est
641 1677 750 1720 currus
773 1662 885 1738 agitare
910 1659 1043 1720 volantis.

354 1868 456 1923 loson.
493 1866 634 1924 Nuntius.
671 1864 776 1924 Medon
793 1883 831 1924 ex
850 1869 914 1924 uito

151 1988 217 2044 Ios.
235 1980 272 2041 Ei
295 1981 376 2060 mihi,
400 1982 472 2060 quid
496 1990 578 2042 tento
601 1980 762 2044 turbantur
785 1985 902 2053 moenia
926 1979 1031 2044 luctu?

219 2069 430 2149 Quaecumque
441 2079 487 2131 cst
496 2072 624 2150 fortune,
635 2090 700 2132 mea
710 2080 768 2152 est;
781 2073 852 2151 quid
864 2072 991 2151 denique
1003 2068 1117 2132 restet?

80 2172 134 2220 410
219 2158 272 2219 Dic
296 2178 358 2239 ege,
381 2177 509 2238 namque
534 2160 607 2220 milri
630 2159 716 2220 failor
741 2161 902 2221 tentante
927 2170 1074 2240 repertus.

152 2253 195 2310 N.
219 2248 265 2308 En
288 2249 420 2327 perfecta
444 2248 499 2309 tibi
522 2251 668 2328 promissa
692 2251 826 2326 coniugis
850 2257 913 2309 erte

219 2335 356 2398 Munere!
373 2333 385 2418 ΙΙ
402 2340 553 2416 ingentem
577 2337 689 2398 luctum
714 2355 752 2398 nc
776 2356 886 2417 quaere
910 2347 1039 2398 tuorum.
1093 2367 1123 2418 p.
1133 2353 1171 2403 42

221 2425 279 2487 Sed
303 2429 329 2486 si
352 2435 452 2487 tantus
477 2445 559 2487 amor
582 2429 684 2506 menti,
707 2429 838 2486 sitente
861 2427 970 2504 cupido
994 2436 1048 2500 est,

220 2514 382 2595 Expediem
406 2516 494 2576 dietis
519 2524 549 2576 ct
571 2525 601 2576 tc
625 2524 676 2576 tue
700 2516 757 2575 ieta
781 2513 903 2576 docebo.

184 2662 187 2668 ,
222 2603 444 2683 Conspectum
469 2605 565 2665 medio
590 2623 659 2664 cum
683 2603 760 2664 dona
783 2607 941 2683 inponeret
964 2607 1023 2664 eris

220 2686 260 2776 (A
284 2695 367 2771 virgo
391 2687 522 2776 iniciiri)
546 2692 648 2754 oculos
672 2694 786 2754 deiecta
810 2693 944 2773 decoros,

226 2923 277 2972 392
294 2945 326 2964 =
342 2919 411 2973 Aeo.
427 2919 478 2972 IX
495 2923 528 2971 12
543 2925 568 2973 et
586 2920 636 2973 IX
648 2924 700 2972 320
743 2918 869 2974 dubitem
885 2920 983 2975 Burm.
1001 2920 1118 2975 eaeAeo.

154 2991 204 3044 IX
218 2994 267 3043 191
306 2994 359 3042 394
373 3005 504 3043 concesso
519 2991 688 3060 (ex-ose)A
724 3007 861 3059 pnoooro
880 2993 907 3045 A
944 2992 1118 3046 395etadd.

153 3062 253 3117 Burro.
309 3066 361 3115 396
380 3064 476 3115 emere
496 3062 524 3114 A
559 3060 683 3115 tristicie
699 3061 747 3115 fec
792 3064 819 3116 A
874 3068 926 3115 397
944 3062 1043 3131 inponi
1057 3065 1084 3117 A

154 3137 206 3185 399
226 3131 349 3201 midiget
366 3131 446 3185 unlla
463 3133 491 3186 A
532 3137 585 3185 400
604 3134 697 3186 mente
715 3133 744 3186 A
780 3132 917 3202 sanguine
933 3134 962 3187 A
1003 3139 1120 3188 40100·

154 3203 298 3257 maculare
317 3204 345 3257 A
399 3208 452 3256 401
471 3206 636 3273 praereptus
655 3204 724 3257 Aen.
743 3205 792 3258 IV
804 3209 856 3257 516
874 3209 1043 3273 praeruptus
1057 3206 1084 3258 A

155 3280 208 3327 405
227 3273 366 3328 Penarum
386 3276 535 3328 exaustum
554 3277 581 3329 A
618 3273 687 3328 ostis
707 3276 735 3330 A
788 3280 840 3328 406
860 3274 953 3328 uisum
972 3276 1000 3329 A
1035 3275 1120 3328 Medo

155 3362 189 3399 ex
209 3345 268 3398 olto
283 3346 311 3399 A
347 3350 399 3399 408
413 3344 561 3399 turbemur
574 3345 669 3419 mpnio
686 3345 758 3400 lucri
771 3348 807 3413 A,
826 3347 861 3414 cf.
878 3347 946 3401 Aen
958 3347 1085 3400 Xlrono

154 3422 208 3470 400
227 3415 342 3470 fortune
361 3418 389 3470 A
460 3421 513 3470 410
533 3416 582 3486 egi
600 3418 628 3471 A
665 3419 715 3471 ant
734 3419 800 3471 ente
816 3418 843 3471 A
916 3422 967 3470 411
989 3415 1121 3485 coniugio

155 3490 231 3542 sorte
251 3488 279 3541 A
358 3494 410 3542 412
430 3490 461 3540 at
478 3487 623 3557 ingentem
642 3489 824 3543 Burmannus
900 3494 953 3542 414
970 3489 1039 3542 feda-
1058 3489 1086 3542 A

156 3563 208 3611 415
229 3559 382 3627 deponeret
400 3560 428 3614 A
501 3564 553 3612 416
573 3559 690 3613 decorus
709 3561 745 3628 A,
764 3577 833 3616 corr.
852 3560 894 3614 A¹
