2642 3922
30 208 31 255 q
400 155 540 212 CODICIS
559 155 787 210 SALMASIANI.
1031 155 1073 220 61

30 272 31 363 d
56 320 107 375 16⁵
180 318 306 386 Cumque
323 315 465 372 Mavortio
485 316 654 371 clamaretur
674 317 764 371 ‘Maro
782 315 919 388 iuniort'‚
939 316 976 370 ed
994 333 1075 388 prae·

109 408 173 445 sens
192 390 246 443 hoc
264 387 410 444 recitavit:

109 523 162 604 Ne,
186 539 306 600 quaeso,
329 539 367 579 ne
393 538 439 579 me
463 519 499 579 ad
523 519 590 579 tatis
612 518 746 598 inpellite
769 518 896 598 pugnes!

109 610 244 690 Namque
268 612 326 669 erit
349 608 398 669 ille
422 607 495 668 mihi
519 625 637 686 semper
660 608 744 689 deus,
767 607 817 668 ille
840 610 991 687 magister.

111 699 185 760 Nem
203 700 327 759 memini
345 689 458 780 (neque
478 699 557 757 eninr
576 698 672 775 ignari
691 715 794 757 sumus
813 706 882 757 ante
901 691 1076 778 malorum):

112 788 310 850 Formcnsum
333 795 436 866 pastor
458 784 611 846 Phoebum
635 794 777 864 superdre
801 786 934 846 canendo

80 877 187 939 cllum
210 877 295 956 cupit
318 885 348 935 et
371 883 460 935 cantu
484 884 570 935 vocet
592 877 624 935 in
648 876 810 935 certamina
833 876 926 955 divos,

111 966 243 1026 Membra
266 966 322 1024 dec
348 965 443 1024 victus
467 981 549 1024 ramo
572 963 731 1024 frondente
755 963 906 1043 pependit.

572 1156 612 1219 ll

1019 1334 1046 1373 B.
1055 1335 1074 1374 1.
1085 1334 1132 1375 ne

385 1277 593 1362 [nosrnn
622 1278 800 1361 curun]

1043 1387 1132 1428 Mssdd.

424 1414 546 1469 Medea
570 1404 765 1487 [tragoedia]
1007 1440 1027 1479 B
1041 1442 1076 1482 1v
1085 1441 1131 1481 ere.

116 1532 233 1612 [Meet]
249 1533 322 1594 Esto
336 1551 416 1592 nunc
432 1531 482 1591 Sol
501 1534 587 1593 testis
607 1540 637 1593 et
655 1532 728 1592 haec
742 1531 816 1592 mihi
830 1526 923 1593 Terre
943 1537 1078 1613 precanti

140 1617 197 1682 'Et
219 1622 306 1682 Dirae
331 1622 454 1682 ultrices
477 1630 509 1682 et
531 1632 573 1703 tu,
598 1621 736 1681 Saturnia
759 1619 847 1682 Iunci

158 1712 203 1772 Ad
227 1718 257 1772 te
280 1710 429 1792 coniugio,
452 1729 520 1770 nem
544 1718 573 1770 te
597 1711 667 1771 dere
692 1712 756 1770 iura
780 1709 945 1790 loquuntur

160 1799 312 1861 Conubiis.
353 1799 473 1878 siquid
498 1801 593 1878 pietas
616 1801 737 1879 antique
761 1798 877 1861 labores

159 1889 294 1968 Respicit
316 1888 471 1967 humanos
494 1897 597 1948 nostre
621 1907 765 1950 succurre
788 1889 891 1969 labori,

160 1978 243 2038 Alme
265 1975 379 2038 Venusi
410 1980 590 2057 quicumque
615 1978 709 2038 oculis
737 1977 810 2038 haec
834 1981 942 2058 aspicis
966 1982 1078 2062 acquic,

159 2068 294 2146 Accipite
317 2066 391 2126 haec
415 2067 615 2146 meritumque
638 2067 722 2127 melis
746 2067 889 2128 advertite
913 2068 1037 2130 numeni

161 2154 237 2225 Quid
261 2157 392 2235 primum
416 2155 533 2215 deserta
558 2153 688 2235 querar?
711 2155 837 2216 conubia
861 2164 964 2216 nostre

189 2343 256 2398 16³.
290 2342 399 2397 abortio
427 2343 455 2397 A
482 2342 623 2397 Mauortio
650 2345 762 2399 Iereles
787 2344 833 2397 ecel
857 2344 1004 2413 Qeicheral
1031 2347 1079 2414 qui

117 2416 202 2470 uerba
221 2415 357 2485 ‘Cumque
379 2445 411 2454 —
429 2414 580 2483 pependii'
605 2416 693 2470 edidit
713 2416 746 2468 in
767 2414 843 2469 Bibl.
866 2415 900 2469 de
922 2415 1011 2470 l'e'eole
1033 2418 1080 2471 dee

118 2487 222 2541 charles
244 2487 350 2540 11130
375 2486 467 2541 ‘d'ene
488 2488 564 2555 copie
586 2488 708 2541 eelcetle
726 2502 784 2555 par
804 2485 904 2539 leret?
966 2485 1079 2541 abituro

120 2557 239 2612 Schenkl.
277 2557 360 2612 Maro
378 2559 487 2612 iunior:
509 2559 550 2612 sic
568 2558 710 2612 Arrianus
727 2557 858 2611 audiebat
876 2554 891 2609 d
910 2555 973 2619 νέος
991 2557 1080 2616 Ξενο-

120 2637 181 2695 φῶν
227 2628 264 2681 ad
282 2643 430 2697 praesens,
448 2631 467 2682 i.
487 2646 508 2683 e.
528 2646 562 2683 ex
580 2636 697 2697 tempore
740 2624 861 2680 recitaui
878 2628 907 2681 A
925 2626 981 2681 -uit
997 2629 1079 2684 lere-

119 2706 163 2754 tes
208 2698 342 2767 lNeque
363 2715 430 2753 sone
448 2716 493 2753 me
507 2700 535 2753 A
580 2698 686 2752 emihi
703 2697 753 2752 ille
767 2699 795 2752 A
831 2698 869 2751 ds*
883 2699 911 2752 A
957 2699 1080 2754 emato-

119 2787 180 2824 rum
199 2772 235 2838 A,
254 2787 323 2825 corr.
343 2789 362 2824 a
441 2770 545 2844 itque
564 2771 593 2826 A
638 2770 766 2825 cenendii
783 2770 812 2825 A
885 2771 956 2827 6ᾶό
974 2772 1010 2828 A.
1043 2773 1079 2840 cf.

30 2878 31 2893 r
119 2843 186 2896 Aen.
205 2841 257 2895 IX
267 2846 319 2894 337

190 2911 240 2966 17.
262 2911 375 2965 Hosidii
393 2911 482 2966 Getae
500 2920 526 2968 et
543 2912 692 2981 tragoedia
710 2930 761 2968 om.
775 2913 811 2968 A.
839 2915 874 2978 cf.
893 2914 1081 2970 Tertullianus

30 2962 32 3033 1
103 2985 151 3038 ‘de
168 2985 332 3053 praeecript.
354 2984 516 3040 haereret:
542 2983 642 3037 ‘Vides
665 2983 767 3037 hodie
791 3001 826 3037 ex
847 2984 974 3053 Vergilio
997 2984 1080 3039 febu-

30 3052 32 3117 Ι
119 3053 177 3107 lam
205 3053 237 3107 in
265 3056 358 3107 totum
382 3052 468 3108 aliem
491 3054 690 3123 componi...
710 3054 831 3122 denique
854 3054 988 3118 Hcsidius
1007 3055 1081 3110 Geta

30 3120 32 3141 '
120 3123 251 3179 Medeam
268 3124 447 3194 tragoediam
466 3143 500 3179 ex
514 3125 642 3195 Vergilio
661 3125 823 3196 plenissime
842 3125 973 3181 exsuxit?
1013 3126 1080 3181 Oen·

121 3203 209 3252 lenem
232 3198 267 3250 ab
291 3204 401 3252 austere
423 3199 550 3253 secundis
577 3199 652 3253 cirris
678 3214 735 3251 nen
757 3204 935 3252 retractatum
956 3198 1082 3252 relietum

30 3318 31 3341 2
118 3275 196 3337 puto.
238 3266 299 3322 Eoe
319 3285 429 3338 ceses,
455 3271 488 3323 ire
510 3269 609 3337 quibes
635 3270 834 3324 uersiculorum
861 3268 1082 3337 Verplllaecrwm

30 3344 31 3359 ¹
121 3338 275 3410 compagem
292 3340 415 3394 necdum
432 3341 470 3395 ad
487 3341 568 3407 finem
582 3342 745 3408 perduxisse
766 3340 835 3393 milri
853 3340 978 3407 uidetur,
1002 3339 1082 3394 rectis

30 3402 31 3447 ἶ
122 3410 202 3464 lineis
224 3412 258 3463 in
275 3417 370 3479 parles
393 3410 569 3481 Verpiliacae
587 3412 686 3480 diuisi,
704 3417 737 3464 eet
754 3427 782 3465 e.
802 3413 844 3477 64,
865 3413 907 3478 65,
926 3414 960 3462 87
980 3409 1026 3464 all.
1046 3440 1081 3450 —

30 3532 31 3539 ,
122 3481 229 3534 lMed.
249 3481 351 3545 addidi
385 3481 539 3550 dllespice
557 3482 678 3534 humano
692 3481 719 3534 A
752 3496 912 3534 succurrere
929 3478 1046 3536 lebriA

30 3576 31 3581 κ
123 3556 139 3604 6
156 3568 247 3606 uenus
265 3554 316 3605 aut
334 3550 480 3620 quicumq;
499 3553 527 3606 A
546 3554 592 3622 (cf.
612 3553 681 3608 Aee.
699 3552 750 3606 IX
762 3556 825 3622 209)
