2670 3920
432 161 571 218 coniers
590 142 820 218 snnnnsnlni.
1047 160 1110 224 141

144 328 221 390 Nam
245 338 274 390 le
299 331 325 389 si
347 328 497 390 addictum
521 331 620 391 mittat
643 331 790 390 sententia
815 346 927 409 campo,

190 417 313 498 Vispillo
336 420 462 501 ignoret,
486 419 564 498 quod
590 427 672 480 secet
695 436 766 479 ense
790 426 888 497 capul.
939 423 941 427 ’

597 628 661 694 139
1063 643 1105 701 'o
1119 662 1133 701 1
1147 663 1166 703 r.

453 744 502 799 De
525 745 607 800 Iove
629 743 665 800 in
688 743 807 814 pluteo
1032 752 1060 809 o.
1074 715 1167 811 41434.

147 862 270 924 Flexilis
290 861 415 942 ¹obliquo
439 864 576 923 sinuatur
598 862 729 924 circulus
753 861 825 923 orbe

193 950 404 1030 loolusumqoe
428 953 506 1029 gerit
528 951 663 1012 machina
687 971 771 1013 sacra
793 951 918 1013 lovem.'

148 1039 228 1102 Vana
252 1039 308 1101 sub
332 1049 486 1119 aspectum
509 1040 594 1102 duxit
616 1042 770 1102 mendacia
793 1042 893 1102 fictor:

194 1128 284 1190 Orbis
308 1136 457 1190 rectorem
481 1130 548 1209 quis
571 1130 679 1211 probat
701 1130 773 1191 orbe
796 1126 880 1210 tegi?

601 1324 664 1389 140

577 1437 687 1495 Aliter

484 1613 486 1617 ¹
586 1540 678 1600 Deest

601 1730 663 1794 141

448 1793 521 1918 [Do
543 1846 625 1901 Iove
648 1848 684 1901 et
705 1838 812 1918 Leda]

151 1964 285 2045 Cygneas
309 1954 433 2026 Genitor
456 1972 575 2045 gestans
597 1975 666 2044 post
690 1965 812 2026 fulmina
835 1966 941 2043 pinnas

197 2053 300 2115 Dulcia
324 2054 463 2114 diffundit
486 2055 617 2115 carmina
641 2053 815 2135 virginibus,
899 2047 905 2057 '

153 2142 247 2213 Quem
273 2144 406 2203 retinens
429 2141 518 2225 Leda,
540 2161 650 2222 prenso
674 2162 742 2205 corn
767 2143 875 2223 gaudet
898 2142 988 2224 olore,

197 2232 313 2293 Amissa
338 2234 458 2311 agnovit
480 2234 648 2310 virginitale
671 2231 778 2294 lovem.

603 2425 667 2489 142

500 2540 550 2594 De
574 2553 639 2595 ovo
661 2540 775 2596 Ledae

154 2639 262 2701 Ledaei
285 2647 389 2719 partus
413 2658 468 2699 ovo
492 2648 696 2702 monstrantur
719 2650 833 2721 aperto,

202 2728 236 2790 ln
259 2747 387 2810 cygnum
410 2747 496 2789 verso
521 2747 537 2789 a
561 2729 628 2790 love
653 2730 732 2810 quod
756 2732 868 2810 genuit.

227 2923 245 2971 4
262 2916 377 2987 ignorat
394 2917 470 2985 quod
490 2917 622 2972 secedens
642 2933 672 2971 se
690 2918 718 2971 A

226 2988 293 3044 lae.
325 2988 390 3043 iobe
408 2988 437 3043 A
526 2994 543 3042 2
566 2988 678 3044 marina
701 3006 779 3044 sacro
801 2987 897 3044 iobem
914 2990 955 3058 A,
977 3007 1046 3046 corn.
1066 3008 1084 3045 a

155 3065 172 3114 3
190 3059 325 3141 adoperto
344 3061 372 3115 A
395 3062 437 3127 (·u
459 3077 494 3115 m.
513 3063 625 3130 antio),
651 3078 721 3117 corr.
747 3061 921 3130 Oudendorp.
974 3061 1120 3117 mendatio

155 3131 312 3259 mim
330 3130 367 3200 A,
385 3148 455 3187 corr.
474 3130 605 3203 Meyeroa
687 3131 774 3201 4qui
791 3132 825 3187 L.
845 3132 966 3188 Mueller
1018 3132 1121 3201 probet

272 3219 330 3273 οη).
1140 3242 1142 3245 -

227 3273 295 3330 140.
322 3274 390 3330 Poot
406 3274 498 3329 Aliter
520 3275 677 3330 exciditne·
699 3274 784 3342 fallor
806 3291 916 3330 oarorert
932 3280 959 3330 et
975 3276 1120 3344 terrione

154 3343 281 3399 Deloue
300 3345 424 3399 etLeda
619 3398 621 3401 .

32 3422 36 3431 '
228 3416 330 3472 141.1
351 3415 474 3486 (ligneas
488 3418 517 3473 A
534 3415 646 3487 genitor
659 3418 718 3471 edd.
729 3417 837 3486 priores
874 3415 977 3473 adum
990 3416 1121 3489 Meyerue

229 3486 297 3542 142.
317 3486 370 3544 obo
389 3488 418 3543 A
461 3494 476 3541 1
496 3488 550 3543 obo
565 3488 593 3544 A
634 3486 748 3557 ieignri
768 3488 846 3554 ΑΒ,
866 3503 936 3555 quoa
954 3487 1047 3544 tenuit
1060 3490 1120 3545 AB

156 3556 232 3624 quod
250 3558 392 3614 Baelrrena
409 3559 509 3630 genuit
529 3560 703 3629 Oudendorp.
809 3590 811 3595 ·
