2654 3926
607 161 774 217 CARMINA

388 329 584 409 Pauperibus.
627 331 680 408 qui
702 337 775 409 puto
800 329 879 408 quod
902 331 989 407 peius

388 418 484 497 Egeas
507 427 605 479 totum
628 436 747 497 semper
770 419 801 478 in
825 417 938 499 orbem,

388 506 481 590 Mage,
504 510 531 568 si
553 526 660 588 posoes
683 507 817 568 membra
840 514 1002 587 perempta.

655 717 720 783 300

311 835 354 890 In
376 833 646 903 eooeptorerium
668 832 813 888 obesum
836 834 870 887 et
892 831 1065 888 infelicem

248 951 384 1012 Pondere
409 952 542 1012 detracto
567 953 699 1033 miseras,
722 949 858 1030 Martiae,
882 951 987 1029 iatigas

250 1041 396 1102 Pressura
419 1039 550 1101 erudelis
574 1058 652 1103 aves.
693 1040 873 1119 pinguedine
897 1047 979 1100 tanta

248 1129 286 1191 Vt
309 1139 343 1191 tu
367 1133 417 1209 sis,
441 1129 554 1191 frustra
576 1132 701 1189 maciem
726 1131 881 1207 patiuntur
904 1130 1045 1208 iniquam.

248 1219 427 1299 Debuerant,
451 1218 554 1300 fateor,
578 1221 671 1296 magis
694 1218 749 1278 has
772 1225 823 1279 tua
846 1236 970 1296 pascere
994 1217 1136 1298 membra,

248 1306 286 1368 Vt
308 1326 471 1386 numquam
494 1316 618 1387 possent
640 1309 740 1368 ieiuna
764 1317 860 1368 morte
883 1309 992 1386 perire.
1208 1319 1224 1367 5

653 1517 717 1582 301

377 1633 420 1688 In
442 1633 596 1689 vetulam
618 1633 785 1702 virginem
806 1635 996 1688 nubentem

337 1750 437 1832 Virgo,
460 1771 549 1831 quam
572 1752 755 1831 Phlegethon
780 1761 866 1813 vocat
889 1769 1033 1834 sororem,

338 1840 461 1901 Saturni
484 1843 583 1918 potior
606 1860 715 1920 parens
739 1849 868 1921 senecta,

337 1928 432 2000 Quam
455 1928 519 1989 Nox
543 1939 632 2008 atque
656 1929 773 1990 Erehus
797 1929 866 1990 tulit
889 1927 1053 2011 Chaosque,

336 2018 390 2080 Cui
414 2036 505 2097 rugae
528 2019 653 2080 totidem
677 2037 790 2099 graves,
815 2026 888 2098 quot
911 2020 989 2099 anni,

336 2107 391 2168 Cui
414 2109 514 2169 vuitus
538 2106 649 2168 elefans
672 2108 754 2168 dedit
777 2115 945 2186 cutemque,
1206 2119 1221 2167 5

335 2196 430 2257 Mater
453 2199 538 2257 simia
562 2216 650 2277 quam
674 2200 786 2258 creavit
809 2200 886 2257 arvis

336 2285 506 2347 Grandaeva
529 2287 560 2346 in
584 2286 702 2366 Libyeis
726 2305 801 2346 novo
826 2285 881 2346 sub
906 2284 987 2364 orbe,
1127 2312 1157 2364 p.
1166 2298 1222 2350 162

336 2373 413 2435 Olim
438 2393 513 2454 quae
537 2375 638 2436 decuit
661 2377 766 2435 marita
790 2374 850 2435 Diti

335 2462 393 2524 Pro
417 2472 485 2524 nata
508 2463 627 2525 Cereris
651 2464 716 2524 dari
739 2481 793 2542 per
816 2462 951 2524 umbras:

334 2551 408 2623 Quis
431 2560 461 2613 te
485 2561 545 2613 tam
568 2553 705 2633 petulans
729 2552 848 2613 suburit
871 2551 969 2629 ardor,
1186 2564 1220 2612 10

334 2639 421 2702 Nunc
445 2661 513 2703 eum
537 2644 595 2702 iam
619 2644 742 2702 exitium
767 2642 822 2702 tibi
844 2636 998 2720 supersit?
1100 2652 1104 2658 '

274 2818 290 2866 9
309 2812 359 2880 qui
372 2813 513 2868 Baehrens
532 2830 559 2880 q3
573 2812 601 2866 A
637 2814 720 2880 petus
739 2814 766 2867 A
785 2813 867 2879 petas
887 2831 906 2864 α
924 2809 1004 2879 peius
1025 2810 1167 2865 Baehrens

199 2892 289 2965 penus
303 2885 460 3008 ΙΞιεοῙιεηίρ
502 2889 535 2936 10
553 2883 584 2935 in
602 2900 705 2936 aeuum
718 2883 859 2937 Baehrens
901 2887 933 2934 11
953 2897 1052 2950 posces
1066 2882 1167 2951 scripsi

115 3021 118 3026 Ι
199 2972 293 3024 poscis
1047 2978 1051 2984 ·

272 3043 340 3098 300.
359 3044 502 3111 (acceptor
520 3049 558 3097 ast
576 3041 723 3112 accipiter)
759 3048 773 3095 1
794 3042 921 3096 detracto
936 3043 1101 3096 Daebaeras
1118 3041 1167 3095 uel

199 3115 276 3169 facio
290 3114 324 3169 A
369 3113 492 3166 ihauee
506 3113 534 3167 A
549 3130 616 3167 aues
630 3116 688 3169 eod.
703 3115 783 3169 Leia.
834 3111 1135 3167 3frustraaeiemA

201 3187 275 3241 avt
293 3201 466 3253 unumquam
484 3186 512 3239 A
547 3184 653 3254 periret
671 3185 699 3239 A

272 3275 341 3330 eol.
367 3280 381 3327 1
401 3273 525 3342 flegeton
542 3275 570 3327 A
595 3273 743 3327 Phaethon
761 3275 844 3326 uooet
861 3273 896 3327 L.
916 3273 1035 3327 Mueller
1088 3278 1167 3326 ise-

200 3348 281 3400 neote
300 3346 337 3413 A,
355 3348 463 3400 correxi
479 3348 597 3414 parente
617 3348 716 3399 enecta
730 3346 889 3416 Petschenig
943 3350 959 3396 3
978 3342 1057 3398 tullii
1071 3360 1167 3412 eeosq3

200 3418 229 3469 A
291 3419 409 3484 4ruget
427 3416 455 3470 A
519 3415 647 3470 ilihiois
661 3416 690 3471 A
725 3433 798 3469 nouo
818 3415 870 3469 sub
885 3416 951 3469 orbe
969 3417 1009 3471 sie
1026 3417 1168 3486 intolleyo:

201 3504 262 3541 cara
280 3489 359 3541 modo
377 3488 496 3541 mentulas
513 3504 604 3542 roceas
622 3494 729 3542 areatas
746 3494 812 3542 esset
901 3492 918 3540 8
937 3503 1023 3555 quam
1041 3487 1070 3540 A
1093 3502 1167 3554 quae

200 3557 299 3612 Baria.
335 3557 439 3609 marita
454 3558 589 3613 Hea'aoias
606 3561 698 3612 mario
712 3560 740 3613 A
759 3558 810 3611 -iio
830 3579 849 3612 a
895 3564 929 3612 10
947 3558 1086 3628 pedulans
1101 3559 1129 3623 A
