2646 3920
209 164 300 221 xxvi
446 126 448 131 ’
587 166 793 223 annonario

209 327 329 412 tutam]
377 331 410 393 In
444 350 500 411 qua
539 333 618 411 qaod
651 343 771 413 praeter
802 335 970 397 Luxoriana
1004 335 1174 417 symphosii

210 440 337 504 quoque,
361 431 395 482 ut
417 420 584 500 Vergiliana
607 424 755 501 omittam,
779 425 945 484 carminum
969 424 1056 505 longa
1079 429 1174 488 series

208 520 328 590 recepta
352 518 407 589 est,
430 519 477 570 est
499 510 556 571 boc
581 511 691 571 iactum
715 511 750 570 ad
770 514 866 572 instar
888 512 1074 593 anthologiaa
1092 515 1175 577 Pala·

208 602 301 680 tinae,
329 602 360 660 in
388 619 446 680 qua
474 599 610 678 Gregorii
642 604 702 660 τοῦ
728 600 896 679 θεολόγον
928 612 959 663 et
988 603 1175 666 Christodori

207 691 353 769 poematis
372 688 482 768 singuli
501 688 569 749 libri
589 688 678 749 dicati
697 699 777 751 sunt.
816 690 873 751 Sed
895 693 926 751 in
945 696 1054 754 ceteris
1073 692 1174 775 rebus,

209 797 387 859 quamquam
406 796 467 838 non
485 777 594 838 desunt
617 796 693 857 quae
713 781 880 858 comparari
902 791 1038 863 possunt,
1061 782 1174 845 Graeca

208 878 306 929 tamen
335 867 502 945 anthologia
535 868 565 926 in
593 868 690 945 capita
718 885 771 928 sua
799 867 893 930 multo
922 873 1056 935 curatius
1085 891 1173 951 quam

208 956 312 1017 Latina
335 954 384 1016 illa
407 954 565 1016 distributa
593 965 646 1015 cst.

274 1045 306 1104 ln
334 1047 444 1126 poetis,
477 1061 604 1123 quorum
637 1046 756 1106 nomina
784 1048 811 1107 Α
845 1047 948 1130 tradit,
981 1050 1173 1111 recensendis

206 1133 264 1194 hoc
289 1135 417 1213 primum
441 1132 602 1194 tenendum
626 1143 711 1215 puto,
735 1152 839 1195 omncs
863 1135 944 1214 illos,
974 1138 1084 1216 quibus
1113 1142 1175 1200 ciri

207 1226 372 1285 clarissimi
398 1230 467 1283 nota
496 1221 542 1282 rel
570 1221 626 1282 alia
654 1225 719 1283 eius
747 1225 866 1300 generis
890 1224 1022 1305 additur,
1046 1235 1077 1286 et
1099 1235 1173 1287 tem·

207 1330 279 1391 pore
307 1322 339 1373 et
365 1312 487 1390 regione
515 1310 558 1370 illi
589 1313 641 1389 qui
665 1310 863 1388 anthologiam
888 1312 1057 1390 compilarit
1080 1313 1172 1374 luisse

206 1402 366 1480 proximos.
397 1399 472 1461 Nam
486 1399 635 1460 Lonorius
649 1402 714 1477 ipse
729 1394 789 1459 ‘cir
803 1404 991 1461 clarissimas
1010 1408 1040 1462 et
1052 1410 1170 1478 specta·

206 1485 290 1552 bilis'
323 1491 419 1570 audit,
451 1489 617 1550 Coronatus
649 1487 770 1548 Luxorii
802 1489 916 1549 amicus
940 1484 1004 1550 ‘air
1036 1494 1171 1552 clarissi-

206 1574 330 1662 mas'1),
358 1579 439 1639 Felix
468 1586 498 1638 et
525 1573 566 1659 (si
596 1578 684 1637 modo
712 1579 739 1637 is
761 1576 837 1638 alius
861 1573 921 1659 est)
946 1577 1064 1639 Flavius
1087 1578 1172 1641 Felix

206 1669 310 1729 eodem
339 1666 424 1729 titulo
453 1677 610 1741 ornantur,
643 1664 822 1727 Octavianus
851 1661 916 1728 ‘air
944 1664 1094 1730 inlustris'
1124 1678 1171 1730 est

205 1757 344 1835 idemque
364 1755 443 1816 iilius
461 1754 647 1816 Crescentini
670 1750 744 1815 ‘ciri
760 1750 942 1831 magnifici'.
976 1756 1070 1817 Porro
1086 1756 1169 1838 Sym·

205 1846 328 1925 phosius
351 1836 615 1923 ‘scholasticas’²),
640 1843 748 1904 Petrus
772 1838 1038 1926 referendarios,
1063 1846 1168 1908 Galbu-

206 1936 252 1996 lns
276 1927 519 2010 ‘grammaticas’
543 1933 675 1993 audiunt.
722 1931 803 2003 Quae
827 1936 925 1994 omnia
949 1936 1063 1996 ratione
1087 1955 1170 1997 cara·

206 2031 282 2105 rent,
306 2024 363 2083 nisi
387 2024 550 2100 scriptores
573 2021 617 2081 illi
635 2024 800 2083 carminum
821 2033 892 2083 tunc
912 2041 980 2084 curn
1000 2024 1169 2104 anthologia

205 2111 253 2172 illa
281 2109 515 2189 componebatur
547 2112 701 2172 etiamtum
733 2112 790 2190 ipsi
823 2112 903 2172 inter
931 2114 1012 2172 viros
1040 2113 1170 2175 luissent

205 2201 251 2261 rel
274 2199 378 2260 saltam
401 2217 461 2260 non
484 2200 536 2260 diu
560 2201 648 2262 vitam
673 2199 875 2282 reliquissent,
897 2203 1041 2262 memoria
1064 2221 1168 2264 eorum

205 2289 301 2350 adhuc
325 2292 451 2368 vigente.
496 2288 534 2349 Et
557 2308 594 2350 ne
619 2290 686 2368 quis
709 2289 782 2349 mibi
806 2289 928 2370 obiciat,
952 2290 1025 2352 alios
1049 2310 1169 2371 quoque

277 2480 304 2549 1)
323 2477 388 2551 [Hie
410 2477 590 2532 inserendum
609 2481 666 2547 est,
692 2476 826 2532 Coronati
849 2478 886 2530 ad
903 2477 1056 2533 Lnxorinm
1074 2481 1171 2535 extare

207 2548 359 2620 epistolam
382 2548 480 2603 libello
504 2550 538 2602 de
557 2548 689 2603 finalibus
708 2547 908 2618 praemissam,
928 2549 963 2603 de
983 2549 1061 2604 cuius
1079 2550 1172 2606 libelli

318 2619 449 2745 rrrr
469 2620 503 2745 e·
523 2617 1172 2747 rrrrrrrrnrtrerarico

206 2709 262 2831 {aa
283 2763 355 2816 haee
379 2709 543 2828 decefpaffai
564 2761 686 2815 Domino
709 2708 893 2818 eraditgssimo
916 2735 1001 2827 ‘rrum
1023 2710 1112 2833 abacia,
1126 2767 1170 2819 iu·

206 2837 287 2890 lustri
304 2835 391 2902 fratri
404 2834 531 2888 Luceria
547 2831 707 2887 Coronatus.
742 2832 810 2888 Cam
825 2836 1026 2889 considerarem
1044 2838 1171 2904 imparis

204 2907 294 2961 uosiri
316 2906 438 2972 haeres,
464 2904 524 2959 aidi
549 2920 631 2973 qaam
654 2905 792 2973 plurimos
817 2907 855 2961 ari
876 2906 965 2973 fontes
986 2907 1029 2962 oei
1053 2909 1172 2975 flamina

204 2979 307 3032 cauisse
325 2977 458 3030 librorum
472 2975 590 3030 bibentes
605 2976 686 3031 acide
705 3018 711 3029 .
727 3018 733 3030 .
752 2977 799 3031 sed
818 3018 825 3032 .
841 3020 847 3032 .
863 2977 982 3046 pedibus
991 2979 1094 3046 poeula
1107 2995 1170 3033 cort·

206 3049 325 3103 calcasse
344 3087 372 3102 ..
401 3046 455 3101 Sed
473 3052 514 3114 ta,
531 3048 647 3102 amicior
664 3048 812 3115 carissime,
825 3049 927 3116 praebe
945 3049 1015 3102 mihi
1031 3051 1119 3120 inopis
1137 3067 1171 3105 aa

205 3120 301 3189 magis,
319 3117 439 3186 Minori,
458 3119 592 3187 peritiam
610 3125 686 3172 tuam
705 3124 731 3172 et
748 3119 874 3173 ardorem
892 3121 936 3173 tui
958 3121 1171 3176 eccellentiorem

204 3191 319 3274 inperiti.
355 3190 394 3243 Iu
411 3195 458 3243 tao
476 3190 578 3260 premio
600 3190 755 3256 sofistarum
773 3192 838 3244 uoci
856 3196 956 3245 cuneta
972 3193 1079 3274 uersari
1097 3232 1102 3244 .
1120 3235 1125 3247 .
1145 3199 1171 3273 at

204 3266 717 3401 attititttttttthttit
731 3263 863 3386 istri
880 3262 1171 3388 satiandas

204 3403 256 3458 ΧΠ
275 3404 384 3544 ἓξὲξ.
404 3473 468 3528 aevi
485 3471 563 3527 illins
582 3490 634 3528 usu
655 3472 709 3527 ‘vir
728 3472 849 3528 doelus’.
883 3473 1039 3530 Coronatus
1059 3492 1170 3544 quoque

207 3545 415 3603 ‘scholasticus’
437 3543 605 3614 appellatur,
625 3544 660 3600 cf.
679 3543 788 3599 Kailios
808 3545 826 3600 l.
842 3562 865 3600 o.
