<?xml version="1.0" encoding="UTF-8"?>
<!DOCTYPE html PUBLIC "-//W3C//DTD XHTML 1.0 Transitional//EN"
    "http://www.w3.org/TR/xhtml1/DTD/xhtml1-transitional.dtd">
<html xmlns="http://www.w3.org/1999/xhtml" xml:lang="en" lang="en">
 <head>
  <title>
</title>
<meta http-equiv="Content-Type" content="text/html;charset=utf-8" />
  <meta name='ocr-system' content='tesseract 3.04.00' />
  <meta name='ocr-capabilities' content='ocr_page ocr_carea ocr_par ocr_line ocrx_word'/>
</head>
<body>
  <div class='ocr_page' id='page_1' title='image "./anthologialatin02lommgoog_0157.png"; bbox 0 0 2642 3922; ppageno 0'>
   <div class='ocr_carea' id='block_1_1' title="bbox 231 184 796 250">
    <p class='ocr_par' dir='ltr' id='par_1_1' title="bbox 231 184 796 250">
     <span class='ocr_line' id='line_1_1' title="bbox 231 184 796 250; baseline 0 -11"><span class='ocrx_word' id='word_1_1' title='bbox 231 184 276 250; x_wconf 82' lang='lat'><strong>94</strong></span> <span class='ocrx_word' id='word_1_2' title='bbox 630 184 796 241; x_wconf 80' lang='lat' dir='ltr'><strong><em>CARMINA</em></strong></span> 
     </span>
    </p>
   </div>
   <div class='ocr_carea' id='block_1_2' title="bbox 231 350 1249 789">
    <p class='ocr_par' dir='ltr' id='par_1_2' title="bbox 231 350 1147 522">
     <span class='ocr_line' id='line_1_2' title="bbox 231 350 1065 433; baseline 0.001 -21"><span class='ocrx_word' id='word_1_3' title='bbox 231 351 308 412; x_wconf 86' lang='lat' dir='ltr'><strong>Hinc</strong></span> <span class='ocrx_word' id='word_1_4' title='bbox 332 353 420 411; x_wconf 90' lang='lat' dir='ltr'><strong>etiam</strong></span> <span class='ocrx_word' id='word_1_5' title='bbox 445 361 490 412; x_wconf 90' lang='lat' dir='ltr'><strong>est</strong></span> <span class='ocrx_word' id='word_1_6' title='bbox 513 350 594 433; x_wconf 86' lang='lat' dir='ltr'><strong>illud,</strong></span> <span class='ocrx_word' id='word_1_7' title='bbox 619 352 706 414; x_wconf 90' lang='lat' dir='ltr'><strong>docto</strong></span> <span class='ocrx_word' id='word_1_8' title='bbox 730 353 809 433; x_wconf 91' lang='lat' dir='ltr'><strong>quod</strong></span> <span class='ocrx_word' id='word_1_9' title='bbox 833 353 966 432; x_wconf 81' lang='lat' dir='ltr'>concipis</span> <span class='ocrx_word' id='word_1_10' title='bbox 989 360 1065 431; x_wconf 90' lang='lat' dir='ltr'><strong>astu,</strong></span> 
     </span>
     <span class='ocr_line' id='line_1_3' title="bbox 233 441 1147 522; baseline 0.001 -20"><span class='ocrx_word' id='word_1_11' title='bbox 233 441 461 521; x_wconf 77' lang='lat' dir='ltr'><strong>squamigerum</strong></span> <span class='ocrx_word' id='word_1_12' title='bbox 484 442 515 501; x_wconf 95' lang='lat' dir='ltr'><strong>in</strong></span> <span class='ocrx_word' id='word_1_13' title='bbox 538 442 652 520; x_wconf 82' lang='lat' dir='ltr'><strong>piscem</strong></span> <span class='ocrx_word' id='word_1_14' title='bbox 675 450 794 522; x_wconf 91' lang='lat' dir='ltr'><strong>raptum</strong></span> <span class='ocrx_word' id='word_1_15' title='bbox 817 450 951 503; x_wconf 81' lang='lat' dir='ltr'><strong>uertatur</strong></span> <span class='ocrx_word' id='word_1_16' title='bbox 974 450 1147 521; x_wconf 76' lang='lat' dir='ltr'><strong>maurum,</strong></span> 
     </span>
    </p>

    <p class='ocr_par' dir='ltr' id='par_1_3' title="bbox 231 527 1249 789">
     <span class='ocr_line' id='line_1_4' title="bbox 231 527 1162 612; baseline 0.002 -23"><span class='ocrx_word' id='word_1_17' title='bbox 231 529 268 591; x_wconf 90' lang='lat' dir='ltr'><strong>Vt</strong></span> <span class='ocrx_word' id='word_1_18' title='bbox 290 528 412 591; x_wconf 87' lang='lat' dir='ltr'><strong>titulum</strong></span> <span class='ocrx_word' id='word_1_19' title='bbox 435 529 582 591; x_wconf 82' lang='lat' dir='ltr'>inscribas</span> <span class='ocrx_word' id='word_1_20' title='bbox 606 527 685 591; x_wconf 75' lang='lat' dir='ltr'>‘Tibi</span> <span class='ocrx_word' id='word_1_21' title='bbox 708 549 797 611; x_wconf 86' lang='lat' dir='ltr'><strong>nunc,</strong></span> <span class='ocrx_word' id='word_1_22' title='bbox 821 531 890 591; x_wconf 92' lang='lat' dir='ltr'><strong>salis</strong></span> <span class='ocrx_word' id='word_1_23' title='bbox 914 531 988 592; x_wconf 91' lang='lat' dir='ltr'><strong>alme</strong></span> <span class='ocrx_word' id='word_1_24' title='bbox 1011 531 1162 612; x_wconf 79' lang='lat' dir='ltr'><strong>profundi,</strong></span> 
     </span>
     <span class='ocr_line' id='line_1_5' title="bbox 232 615 1249 700; baseline 0.003 -21"><span class='ocrx_word' id='word_1_25' title='bbox 232 618 316 690; x_wconf 87' lang='lat' dir='ltr'><strong>Quod</strong></span> <span class='ocrx_word' id='word_1_26' title='bbox 332 618 477 700; x_wconf 82' lang='lat' dir='ltr'>dedimus,</span> <span class='ocrx_word' id='word_1_27' title='bbox 491 619 637 700; x_wconf 84' lang='lat' dir='ltr'><strong>Neptune,</strong></span> <span class='ocrx_word' id='word_1_28' title='bbox 647 629 732 681; x_wconf 90' lang='lat' dir='ltr'><strong>tuum</strong></span> <span class='ocrx_word' id='word_1_29' title='bbox 747 615 813 680; x_wconf 86' lang='lat' dir='ltr'><strong>est&#39;.</strong></span> <span class='ocrx_word' id='word_1_30' title='bbox 836 619 940 700; x_wconf 90' lang='lat' dir='ltr'><strong>pulcre</strong></span> <span class='ocrx_word' id='word_1_31' title='bbox 951 622 1058 700; x_wconf 83' lang='lat' dir='ltr'><strong>omnia,</strong></span> <span class='ocrx_word' id='word_1_32' title='bbox 1071 618 1176 699; x_wconf 92' lang='lat' dir='ltr'><strong>pulcre</strong></span> <span class='ocrx_word' id='word_1_33' title='bbox 1196 632 1249 682; x_wconf 78' lang='grc'><strong>225</strong></span> 
     </span>
     <span class='ocr_line' id='line_1_6' title="bbox 231 706 1176 789; baseline 0.001 -21"><span class='ocrx_word' id='word_1_34' title='bbox 231 706 418 789; x_wconf 80' lang='lat' dir='ltr'><strong>Dissimulas3</strong></span> <span class='ocrx_word' id='word_1_35' title='bbox 442 709 495 768; x_wconf 90' lang='lat' dir='ltr'><strong>sed</strong></span> <span class='ocrx_word' id='word_1_36' title='bbox 519 728 587 769; x_wconf 88' lang='lat' dir='ltr'><strong>vera</strong></span> <span class='ocrx_word' id='word_1_37' title='bbox 610 718 722 789; x_wconf 89' lang='lat' dir='ltr'><strong>patent.</strong></span> <span class='ocrx_word' id='word_1_38' title='bbox 762 712 821 770; x_wconf 90' lang='lat' dir='ltr'><strong>iam</strong></span> <span class='ocrx_word' id='word_1_39' title='bbox 845 711 981 788; x_wconf 77' lang='lat' dir='ltr'><strong>frangere</strong></span> <span class='ocrx_word' id='word_1_40' title='bbox 1005 718 1105 771; x_wconf 90' lang='lat' dir='ltr'><strong>votum</strong></span> <span class='ocrx_word' id='word_1_41' title='bbox 1130 719 1176 770; x_wconf 90' lang='lat' dir='ltr'><strong>est</strong></span> 
     </span>
    </p>
   </div>
   <div class='ocr_carea' id='block_1_3' title="bbox 226 796 1249 2568">
    <p class='ocr_par' dir='ltr' id='par_1_4' title="bbox 230 796 1164 878">
     <span class='ocr_line' id='line_1_7' title="bbox 230 796 1164 878; baseline 0 -20"><span class='ocrx_word' id='word_1_42' title='bbox 230 796 294 858; x_wconf 90' lang='lat' dir='ltr'><strong>lloc</strong></span> <span class='ocrx_word' id='word_1_43' title='bbox 317 815 446 877; x_wconf 84' lang='lat' dir='ltr'><strong>quoque,</strong></span> <span class='ocrx_word' id='word_1_44' title='bbox 470 798 548 877; x_wconf 91' lang='lat' dir='ltr'><strong>quod</strong></span> <span class='ocrx_word' id='word_1_45' title='bbox 572 798 660 877; x_wconf 86' lang='lat' dir='ltr'><strong>longo</strong></span> <span class='ocrx_word' id='word_1_46' title='bbox 683 798 857 859; x_wconf 88' lang='lat' dir='ltr'><strong>meditatum</strong></span> <span class='ocrx_word' id='word_1_47' title='bbox 880 807 1014 877; x_wconf 91' lang='lat' dir='ltr'><strong>tempore</strong></span> <span class='ocrx_word' id='word_1_48' title='bbox 1039 799 1164 878; x_wconf 80' lang='lat' dir='ltr'><strong>profers,</strong></span> 
     </span>
    </p>

    <p class='ocr_par' dir='ltr' id='par_1_5' title="bbox 230 883 1126 969">
     <span class='ocr_line' id='line_1_8' title="bbox 230 883 1126 969; baseline 0.001 -23"><span class='ocrx_word' id='word_1_49' title='bbox 230 887 446 966; x_wconf 78' lang='lat' dir='ltr'><strong>Argumentum</strong></span> <span class='ocrx_word' id='word_1_50' title='bbox 470 888 589 965; x_wconf 86' lang='lat' dir='ltr'><strong>ingens:</strong></span> <span class='ocrx_word' id='word_1_51' title='bbox 613 883 742 967; x_wconf 74' lang='lat' dir='ltr'><strong>‘templis</strong></span> <span class='ocrx_word' id='word_1_52' title='bbox 766 905 823 947; x_wconf 92' lang='lat' dir='ltr'><strong>non</strong></span> <span class='ocrx_word' id='word_1_53' title='bbox 849 886 988 948; x_wconf 86' lang='lat' dir='ltr'><strong>redderet</strong></span> <span class='ocrx_word' id='word_1_54' title='bbox 1011 904 1126 969; x_wconf 86' lang='lat' dir='ltr'><strong>aurum,</strong></span> 
     </span>
    </p>

    <p class='ocr_par' dir='ltr' id='par_1_6' title="bbox 231 971 1089 1056">
     <span class='ocr_line' id='line_1_9' title="bbox 231 971 1089 1056; baseline -0.001 -21"><span class='ocrx_word' id='word_1_55' title='bbox 231 974 289 1046; x_wconf 87' lang='lat' dir='ltr'><strong>Qui</strong></span> <span class='ocrx_word' id='word_1_56' title='bbox 311 971 441 1036; x_wconf 65' lang='lat' dir='ltr'><strong>tulerat!</strong></span> <span class='ocrx_word' id='word_1_57' title='bbox 483 984 588 1056; x_wconf 89' lang='lat' dir='ltr'><strong>macte,</strong></span> <span class='ocrx_word' id='word_1_58' title='bbox 612 976 758 1037; x_wconf 89' lang='lat' dir='ltr'><strong>scelerum</strong></span> <span class='ocrx_word' id='word_1_59' title='bbox 782 976 954 1037; x_wconf 81' lang='lat' dir='ltr'><strong>doctissime</strong></span> <span class='ocrx_word' id='word_1_60' title='bbox 977 976 1089 1056; x_wconf 84' lang='lat' dir='ltr'><strong>rhetor,</strong></span> 
     </span>
    </p>

    <p class='ocr_par' dir='ltr' id='par_1_7' title="bbox 230 1062 1249 1132">
     <span class='ocr_line' id='line_1_10' title="bbox 230 1062 1249 1132; baseline 0.008 -9"><span class='ocrx_word' id='word_1_61' title='bbox 230 1062 396 1124; x_wconf 85' lang='lat' dir='ltr'><strong>Verborum</strong></span> <span class='ocrx_word' id='word_1_62' title='bbox 420 1063 537 1124; x_wconf 83' lang='lat' dir='ltr'><strong>auxiliis</strong></span> <span class='ocrx_word' id='word_1_63' title='bbox 561 1064 704 1126; x_wconf 84' lang='lat' dir='ltr'><strong>subverso</strong></span> <span class='ocrx_word' id='word_1_64' title='bbox 727 1066 853 1127; x_wconf 91' lang='lat' dir='ltr'><strong>crimine</strong></span> <span class='ocrx_word' id='word_1_65' title='bbox 876 1064 991 1126; x_wconf 83' lang='lat' dir='ltr'><strong>rerum!</strong></span> <span class='ocrx_word' id='word_1_66' title='bbox 1195 1078 1249 1132; x_wconf 86' lang='grc'>230</span> 
     </span>
    </p>

    <p class='ocr_par' dir='ltr' id='par_1_8' title="bbox 230 1151 1041 1234">
     <span class='ocr_line' id='line_1_11' title="bbox 230 1151 1041 1234; baseline 0.004 -22"><span class='ocrx_word' id='word_1_67' title='bbox 230 1151 365 1213; x_wconf 83' lang='lat' dir='ltr'><strong>Reddere</strong></span> <span class='ocrx_word' id='word_1_68' title='bbox 389 1161 418 1213; x_wconf 89' lang='lat' dir='ltr'><strong>te</strong></span> <span class='ocrx_word' id='word_1_69' title='bbox 442 1153 553 1214; x_wconf 90' lang='lat' dir='ltr'><strong>donum</strong></span> <span class='ocrx_word' id='word_1_70' title='bbox 576 1154 650 1214; x_wconf 92' lang='lat' dir='ltr'><strong>deus</strong></span> <span class='ocrx_word' id='word_1_71' title='bbox 674 1154 790 1234; x_wconf 83' lang='lat' dir='ltr'><strong>inpulit,</strong></span> <span class='ocrx_word' id='word_1_72' title='bbox 813 1153 921 1234; x_wconf 89' lang='lat' dir='ltr'><strong>inpulit</strong></span> <span class='ocrx_word' id='word_1_73' title='bbox 944 1155 1041 1233; x_wconf 84' lang='lat' dir='ltr'><strong>ardor,</strong></span> 
     </span>
    </p>

    <p class='ocr_par' dir='ltr' id='par_1_9' title="bbox 229 1240 1091 1323">
     <span class='ocr_line' id='line_1_12' title="bbox 229 1240 1091 1323; baseline 0.002 -22"><span class='ocrx_word' id='word_1_74' title='bbox 229 1240 341 1321; x_wconf 89' lang='lat' dir='ltr'><strong>Inpulit</strong></span> <span class='ocrx_word' id='word_1_75' title='bbox 364 1249 394 1302; x_wconf 91' lang='lat' dir='ltr'><strong>et</strong></span> <span class='ocrx_word' id='word_1_76' title='bbox 417 1240 564 1303; x_wconf 89' lang='lat' dir='ltr'><strong>scelerum</strong></span> <span class='ocrx_word' id='word_1_77' title='bbox 587 1261 672 1303; x_wconf 90' lang='lat' dir='ltr'><strong>mens</strong></span> <span class='ocrx_word' id='word_1_78' title='bbox 696 1245 823 1323; x_wconf 86' lang='lat' dir='ltr'><strong>conscia,</strong></span> <span class='ocrx_word' id='word_1_79' title='bbox 847 1243 980 1323; x_wconf 89' lang='lat' dir='ltr'><strong>conpulit</strong></span> <span class='ocrx_word' id='word_1_80' title='bbox 1003 1243 1091 1304; x_wconf 84' lang='lat' dir='ltr'><strong>index</strong></span> 
     </span>
    </p>

    <p class='ocr_par' dir='ltr' id='par_1_10' title="bbox 229 1330 1051 1413">
     <span class='ocr_line' id='line_1_13' title="bbox 229 1330 1051 1413; baseline 0.002 -23"><span class='ocrx_word' id='word_1_81' title='bbox 229 1330 391 1392; x_wconf 87' lang='lat' dir='ltr'><strong>Furtorum</strong></span> <span class='ocrx_word' id='word_1_82' title='bbox 415 1349 533 1411; x_wconf 86' lang='lat' dir='ltr'><strong>semper</strong></span> <span class='ocrx_word' id='word_1_83' title='bbox 555 1334 645 1393; x_wconf 91' lang='lat' dir='ltr'><strong>timor</strong></span> <span class='ocrx_word' id='word_1_84' title='bbox 668 1334 773 1392; x_wconf 85' lang='lat' dir='ltr'><strong>anxius</strong></span> <span class='ocrx_word' id='word_1_85' title='bbox 796 1341 920 1413; x_wconf 85' lang='lat' dir='ltr'><strong>atraque</strong></span> <span class='ocrx_word' id='word_1_86' title='bbox 943 1336 1051 1393; x_wconf 90' lang='lat' dir='ltr'><strong>mentis</strong></span> 
     </span>
    </p>

    <p class='ocr_par' dir='ltr' id='par_1_11' title="bbox 229 1419 1084 1502">
     <span class='ocr_line' id='line_1_14' title="bbox 229 1419 1084 1502; baseline 0.004 -23"><span class='ocrx_word' id='word_1_87' title='bbox 229 1419 379 1481; x_wconf 86' lang='lat' dir='ltr'><strong>Tristities</strong></span> <span class='ocrx_word' id='word_1_88' title='bbox 401 1420 574 1501; x_wconf 86' lang='lat' dir='ltr'><strong>pallensque</strong></span> <span class='ocrx_word' id='word_1_89' title='bbox 598 1429 695 1482; x_wconf 90' lang='lat' dir='ltr'><strong>metus</strong></span> <span class='ocrx_word' id='word_1_90' title='bbox 719 1439 918 1502; x_wconf 77' lang='lat' dir='ltr'><strong>reseransque</strong></span> <span class='ocrx_word' id='word_1_91' title='bbox 941 1419 1084 1482; x_wconf 81' lang='lat' dir='ltr'><strong>medullas</strong></span> 
     </span>
    </p>

    <p class='ocr_par' dir='ltr' id='par_1_12' title="bbox 228 1508 1248 1590">
     <span class='ocr_line' id='line_1_15' title="bbox 228 1508 1248 1590; baseline 0.004 -20"><span class='ocrx_word' id='word_1_92' title='bbox 228 1508 300 1570; x_wconf 90' lang='lat' dir='ltr'><strong>Post</strong></span> <span class='ocrx_word' id='word_1_93' title='bbox 323 1527 443 1571; x_wconf 89' lang='lat' dir='ltr'><strong>causam</strong></span> <span class='ocrx_word' id='word_1_94' title='bbox 466 1519 570 1590; x_wconf 92' lang='lat' dir='ltr'><strong>raptus</strong></span> <span class='ocrx_word' id='word_1_95' title='bbox 593 1510 719 1589; x_wconf 89' lang='lat' dir='ltr'><strong>trepidis</strong></span> <span class='ocrx_word' id='word_1_96' title='bbox 742 1510 885 1590; x_wconf 91' lang='lat' dir='ltr'><strong>penitudo</strong></span> <span class='ocrx_word' id='word_1_97' title='bbox 909 1510 1048 1572; x_wconf 92' lang='lat' dir='ltr'><strong>secunda.</strong></span> <span class='ocrx_word' id='word_1_98' title='bbox 1193 1525 1248 1574; x_wconf 83' lang='grc'>235</span> 
     </span>
    </p>

    <p class='ocr_par' dir='ltr' id='par_1_13' title="bbox 229 1597 1174 1681">
     <span class='ocr_line' id='line_1_16' title="bbox 229 1597 1174 1681; baseline 0.004 -24"><span class='ocrx_word' id='word_1_99' title='bbox 229 1597 308 1659; x_wconf 90' lang='lat' dir='ltr'><strong>Haec</strong></span> <span class='ocrx_word' id='word_1_100' title='bbox 327 1616 448 1659; x_wconf 88' lang='lat' dir='ltr'><strong>scaevos</strong></span> <span class='ocrx_word' id='word_1_101' title='bbox 466 1608 581 1661; x_wconf 83' lang='lat' dir='ltr'><strong>vexant.</strong></span> <span class='ocrx_word' id='word_1_102' title='bbox 614 1618 673 1660; x_wconf 91' lang='lat' dir='ltr'><strong>non</strong></span> <span class='ocrx_word' id='word_1_103' title='bbox 693 1608 772 1679; x_wconf 74' lang='lat' dir='ltr'><strong>sunt,</strong></span> <span class='ocrx_word' id='word_1_104' title='bbox 790 1601 864 1660; x_wconf 84' lang='lat' dir='ltr'><strong>milri</strong></span> <span class='ocrx_word' id='word_1_105' title='bbox 883 1601 1004 1681; x_wconf 89' lang='lat' dir='ltr'><strong>credite,</strong></span> <span class='ocrx_word' id='word_1_106' title='bbox 1023 1618 1083 1660; x_wconf 91' lang='lat' dir='ltr'><strong>non</strong></span> <span class='ocrx_word' id='word_1_107' title='bbox 1103 1609 1174 1662; x_wconf 86' lang='lat' dir='ltr'><strong>snut</strong></span> 
     </span>
    </p>

    <p class='ocr_par' dir='ltr' id='par_1_14' title="bbox 229 1685 978 1769">
     <span class='ocr_line' id='line_1_17' title="bbox 229 1685 978 1769; baseline 0.004 -22"><span class='ocrx_word' id='word_1_108' title='bbox 229 1685 410 1748; x_wconf 88' lang='lat' dir='ltr'><strong>Eumenides</strong></span> <span class='ocrx_word' id='word_1_109' title='bbox 433 1688 524 1769; x_wconf 80' lang='lat' dir='ltr'><strong>dirae,</strong></span> <span class='ocrx_word' id='word_1_110' title='bbox 548 1688 633 1748; x_wconf 85' lang='lat' dir='ltr'><strong>lallax</strong></span> <span class='ocrx_word' id='word_1_111' title='bbox 658 1707 731 1768; x_wconf 85' lang='lat' dir='ltr'><strong>quas</strong></span> <span class='ocrx_word' id='word_1_112' title='bbox 755 1688 853 1750; x_wconf 85' lang='lat' dir='ltr'><strong>sabula</strong></span> <span class='ocrx_word' id='word_1_113' title='bbox 876 1696 978 1750; x_wconf 92' lang='lat' dir='ltr'><strong>narrat</strong></span> 
     </span>
    </p>

    <p class='ocr_par' dir='ltr' id='par_1_15' title="bbox 229 1775 1063 1857">
     <span class='ocr_line' id='line_1_18' title="bbox 229 1775 1063 1857; baseline 0.005 -22"><span class='ocrx_word' id='word_1_114' title='bbox 229 1775 333 1855; x_wconf 76' lang='lat' dir='ltr'><strong>Cocyti</strong></span> <span class='ocrx_word' id='word_1_115' title='bbox 354 1778 385 1836; x_wconf 94' lang='lat' dir='ltr'><strong>in</strong></span> <span class='ocrx_word' id='word_1_116' title='bbox 409 1778 522 1854; x_wconf 85' lang='lat' dir='ltr'><strong>gremio</strong></span> <span class='ocrx_word' id='word_1_117' title='bbox 545 1776 650 1856; x_wconf 84' lang='lat' dir='ltr'><strong>rapidi,</strong></span> <span class='ocrx_word' id='word_1_118' title='bbox 672 1776 896 1855; x_wconf 82' lang='lat' dir='ltr'><strong>Phlegethontis</strong></span> <span class='ocrx_word' id='word_1_119' title='bbox 919 1778 955 1839; x_wconf 92' lang='lat' dir='ltr'><strong>ad</strong></span> <span class='ocrx_word' id='word_1_120' title='bbox 979 1780 1063 1857; x_wconf 85' lang='lat' dir='ltr'><strong>ignes</strong></span> 
     </span>
    </p>

    <p class='ocr_par' dir='ltr' id='par_1_16' title="bbox 229 1863 1017 1946">
     <span class='ocr_line' id='line_1_19' title="bbox 229 1863 1017 1946; baseline 0.006 -23"><span class='ocrx_word' id='word_1_121' title='bbox 229 1863 371 1943; x_wconf 86' lang='lat' dir='ltr'><strong>Tartarei,</strong></span> <span class='ocrx_word' id='word_1_122' title='bbox 394 1866 540 1926; x_wconf 88' lang='lat' dir='ltr'><strong>incinctas</strong></span> <span class='ocrx_word' id='word_1_123' title='bbox 563 1863 686 1944; x_wconf 87' lang='lat' dir='ltr'><strong>lacibus,</strong></span> <span class='ocrx_word' id='word_1_124' title='bbox 710 1875 858 1946; x_wconf 87' lang='lat' dir='ltr'><strong>serpente,</strong></span> <span class='ocrx_word' id='word_1_125' title='bbox 881 1866 1017 1946; x_wconf 80' lang='lat' dir='ltr'><strong>flagellis:</strong></span> 
     </span>
    </p>

    <p class='ocr_par' dir='ltr' id='par_1_17' title="bbox 230 1952 1247 2125">
     <span class='ocr_line' id='line_1_20' title="bbox 230 1952 1247 2035; baseline 0.007 -22"><span class='ocrx_word' id='word_1_126' title='bbox 230 1952 288 2013; x_wconf 90' lang='lat' dir='ltr'><strong>Sed</strong></span> <span class='ocrx_word' id='word_1_127' title='bbox 312 1961 410 2014; x_wconf 87' lang='lat' dir='ltr'><strong>metus</strong></span> <span class='ocrx_word' id='word_1_128' title='bbox 433 1963 463 2014; x_wconf 90' lang='lat' dir='ltr'><strong>et</strong></span> <span class='ocrx_word' id='word_1_129' title='bbox 486 1954 611 2034; x_wconf 84' lang='lat' dir='ltr'><strong>lacinus,</strong></span> <span class='ocrx_word' id='word_1_130' title='bbox 634 1954 686 2015; x_wconf 90' lang='lat' dir='ltr'><strong>sed</strong></span> <span class='ocrx_word' id='word_1_131' title='bbox 710 1973 795 2016; x_wconf 90' lang='lat' dir='ltr'><strong>mens</strong></span> <span class='ocrx_word' id='word_1_132' title='bbox 818 1964 864 2016; x_wconf 87' lang='lat' dir='ltr'><strong>est</strong></span> <span class='ocrx_word' id='word_1_133' title='bbox 888 1959 1006 2018; x_wconf 88' lang='lat' dir='ltr'><strong>conscia</strong></span> <span class='ocrx_word' id='word_1_134' title='bbox 1030 1958 1120 2035; x_wconf 88' lang='lat' dir='ltr'><strong>pravi.</strong></span> <span class='ocrx_word' id='word_1_135' title='bbox 1192 1970 1247 2020; x_wconf 82' lang='grc'>240</span> 
     </span>
     <span class='ocr_line' id='line_1_21' title="bbox 272 2040 1119 2125; baseline 0.008 -24"><span class='ocrx_word' id='word_1_136' title='bbox 272 2040 311 2101; x_wconf 90' lang='lat' dir='ltr'><strong>Ni</strong></span> <span class='ocrx_word' id='word_1_137' title='bbox 333 2040 427 2123; x_wconf 85' lang='lat' dir='ltr'><strong>fallor,</strong></span> <span class='ocrx_word' id='word_1_138' title='bbox 450 2044 560 2104; x_wconf 88' lang='lat' dir='ltr'><strong>victum</strong></span> <span class='ocrx_word' id='word_1_139' title='bbox 586 2050 640 2125; x_wconf 85' lang='lat' dir='ltr'><strong>est,</strong></span> <span class='ocrx_word' id='word_1_140' title='bbox 664 2061 769 2122; x_wconf 86' lang='lat' dir='ltr'><strong>magno</strong></span> <span class='ocrx_word' id='word_1_141' title='bbox 793 2044 872 2123; x_wconf 86' lang='lat' dir='ltr'><strong>qnod</strong></span> <span class='ocrx_word' id='word_1_142' title='bbox 896 2045 1021 2125; x_wconf 89' lang='lat' dir='ltr'><strong>protulit</strong></span> <span class='ocrx_word' id='word_1_143' title='bbox 1043 2054 1119 2108; x_wconf 89' lang='lat' dir='ltr'><strong>astu.</strong></span> 
     </span>
    </p>

    <p class='ocr_par' dir='ltr' id='par_1_18' title="bbox 229 2130 1246 2216">
     <span class='ocr_line' id='line_1_22' title="bbox 229 2130 1246 2216; baseline 0.01 -26"><span class='ocrx_word' id='word_1_144' title='bbox 229 2130 287 2191; x_wconf 89' lang='lat' dir='ltr'><strong>Sed</strong></span> <span class='ocrx_word' id='word_1_145' title='bbox 311 2141 449 2210; x_wconf 90' lang='lat' dir='ltr'><strong>superest</strong></span> <span class='ocrx_word' id='word_1_146' title='bbox 471 2149 541 2211; x_wconf 94' lang='lat' dir='ltr'><strong>pars</strong></span> <span class='ocrx_word' id='word_1_147' title='bbox 564 2150 668 2211; x_wconf 81' lang='lat' dir='ltr'><strong>magna</strong></span> <span class='ocrx_word' id='word_1_148' title='bbox 691 2132 765 2193; x_wconf 90' lang='lat' dir='ltr'><strong>mihi</strong></span> <span class='ocrx_word' id='word_1_149' title='bbox 788 2133 825 2193; x_wconf 93' lang='lat' dir='ltr'><strong>de</strong></span> <span class='ocrx_word' id='word_1_150' title='bbox 849 2136 973 2195; x_wconf 91' lang='lat' dir='ltr'><strong>crimine</strong></span> <span class='ocrx_word' id='word_1_151' title='bbox 996 2152 1080 2197; x_wconf 84' lang='lat' dir='ltr'><strong>vero:</strong></span> <span class='ocrx_word' id='word_1_152' title='bbox 1164 2152 1246 2216; x_wconf 84' lang='lat' dir='ltr'><strong>p.57</strong></span> 
     </span>
    </p>

    <p class='ocr_par' dir='ltr' id='par_1_19' title="bbox 228 2215 1086 2303">
     <span class='ocr_line' id='line_1_23' title="bbox 228 2215 1086 2303; baseline 0.006 -23"><span class='ocrx_word' id='word_1_153' title='bbox 228 2215 299 2290; x_wconf 75' lang='lat' dir='ltr'><strong>‘Qui</strong></span> <span class='ocrx_word' id='word_1_154' title='bbox 321 2229 449 2303; x_wconf 82' lang='lat' dir='ltr'><strong>raperet,</strong></span> <span class='ocrx_word' id='word_1_155' title='bbox 472 2228 568 2282; x_wconf 89' lang='lat' dir='ltr'><strong>totum</strong></span> <span class='ocrx_word' id='word_1_156' title='bbox 591 2221 711 2300; x_wconf 85' lang='lat' dir='ltr'><strong>templis</strong></span> <span class='ocrx_word' id='word_1_157' title='bbox 734 2241 793 2282; x_wconf 92' lang='lat' dir='ltr'><strong>non</strong></span> <span class='ocrx_word' id='word_1_158' title='bbox 817 2218 977 2284; x_wconf 74' lang='lat' dir='ltr'><strong>redderet?</strong></span> <span class='ocrx_word' id='word_1_159' title='bbox 1015 2242 1086 2303; x_wconf 85' lang='lat' dir='ltr'><strong>ergo</strong></span> 
     </span>
    </p>

    <p class='ocr_par' dir='ltr' id='par_1_20' title="bbox 227 2308 1072 2393">
     <span class='ocr_line' id='line_1_24' title="bbox 227 2308 1072 2393; baseline 0.005 -24"><span class='ocrx_word' id='word_1_160' title='bbox 227 2308 290 2370; x_wconf 86' lang='lat' dir='ltr'><strong>Hoc</strong></span> <span class='ocrx_word' id='word_1_161' title='bbox 314 2328 433 2389; x_wconf 88' lang='lat' dir='ltr'><strong>quoque</strong></span> <span class='ocrx_word' id='word_1_162' title='bbox 456 2312 500 2371; x_wconf 91' lang='lat' dir='ltr'><strong>sic</strong></span> <span class='ocrx_word' id='word_1_163' title='bbox 523 2312 648 2389; x_wconf 89' lang='lat' dir='ltr'><strong>vincam,</strong></span> <span class='ocrx_word' id='word_1_164' title='bbox 672 2329 776 2371; x_wconf 84' lang='lat' dir='ltr'><strong>rerum</strong></span> <span class='ocrx_word' id='word_1_165' title='bbox 800 2311 920 2373; x_wconf 89' lang='lat' dir='ltr'><strong>latearis</strong></span> <span class='ocrx_word' id='word_1_166' title='bbox 943 2321 977 2373; x_wconf 93' lang='lat' dir='ltr'><strong>ut</strong></span> <span class='ocrx_word' id='word_1_167' title='bbox 999 2315 1072 2393; x_wconf 91' lang='lat' dir='ltr'><strong>ipse.</strong></span> 
     </span>
    </p>

    <p class='ocr_par' dir='ltr' id='par_1_21' title="bbox 228 2397 1245 2483">
     <span class='ocr_line' id='line_1_25' title="bbox 228 2397 1245 2483; baseline 0.006 -25"><span class='ocrx_word' id='word_1_168' title='bbox 228 2397 399 2460; x_wconf 78' lang='lat' dir='ltr'><strong>sustuleras</strong></span> <span class='ocrx_word' id='word_1_169' title='bbox 422 2399 556 2480; x_wconf 82' lang='lat' dir='ltr'><strong>templis3</strong></span> <span class='ocrx_word' id='word_1_170' title='bbox 578 2400 709 2480; x_wconf 84' lang='lat' dir='ltr'><strong>partiris,</strong></span> <span class='ocrx_word' id='word_1_171' title='bbox 732 2400 854 2482; x_wconf 84' lang='lat' dir='ltr'><strong>perfide,</strong></span> <span class='ocrx_word' id='word_1_172' title='bbox 878 2402 1007 2483; x_wconf 80' lang='lat' dir='ltr'><strong>lurtum3</strong></span> <span class='ocrx_word' id='word_1_173' title='bbox 1191 2415 1245 2465; x_wconf 81' lang='grc'>245</span> 
     </span>
    </p>

    <p class='ocr_par' dir='ltr' id='par_1_22' title="bbox 226 2486 996 2568">
     <span class='ocr_line' id='line_1_26' title="bbox 226 2486 996 2568; baseline 0.005 -20"><span class='ocrx_word' id='word_1_174' title='bbox 226 2486 293 2548; x_wconf 89' lang='lat' dir='ltr'><strong>Non</strong></span> <span class='ocrx_word' id='word_1_175' title='bbox 316 2496 412 2549; x_wconf 92' lang='lat' dir='ltr'><strong>totum</strong></span> <span class='ocrx_word' id='word_1_176' title='bbox 435 2488 549 2549; x_wconf 89' lang='lat' dir='ltr'><strong>reddis:</strong></span> <span class='ocrx_word' id='word_1_177' title='bbox 573 2491 725 2568; x_wconf 89' lang='lat' dir='ltr'><strong>superavit</strong></span> <span class='ocrx_word' id='word_1_178' title='bbox 748 2491 834 2568; x_wconf 91' lang='lat' dir='ltr'><strong>copia</strong></span> <span class='ocrx_word' id='word_1_179' title='bbox 855 2499 996 2552; x_wconf 88' lang='lat' dir='ltr'><strong>mentem.</strong></span> 
     </span>
    </p>
   </div>
   <div class='ocr_carea' id='block_1_4' title="bbox 224 2693 1189 3122">
    <p class='ocr_par' dir='ltr' id='par_1_23' title="bbox 224 2693 1189 3122">
     <span class='ocr_line' id='line_1_27' title="bbox 294 2693 1189 2777; baseline 0.006 -30"><span class='ocrx_word' id='word_1_180' title='bbox 294 2699 350 2776; x_wconf 82' lang='grc'><strong>222</strong></span> <span class='ocrx_word' id='word_1_181' title='bbox 373 2693 512 2763; x_wconf 88' lang='lat' dir='ltr'><strong>conspicis</strong></span> <span class='ocrx_word' id='word_1_182' title='bbox 538 2694 566 2748; x_wconf 97' lang='lat' dir='ltr'><strong><em>A</em></strong></span> <span class='ocrx_word' id='word_1_183' title='bbox 656 2700 709 2748; x_wconf 87' lang='grc'><strong>224</strong></span> <span class='ocrx_word' id='word_1_184' title='bbox 727 2696 865 2777; x_wconf 87' lang='lat' dir='ltr'><strong>profunde</strong></span> <span class='ocrx_word' id='word_1_185' title='bbox 884 2696 912 2750; x_wconf 97' lang='lat' dir='ltr'><strong><em>A</em></strong></span> <span class='ocrx_word' id='word_1_186' title='bbox 1002 2701 1054 2750; x_wconf 81' lang='grc'><strong>225</strong></span> <span class='ocrx_word' id='word_1_187' title='bbox 1072 2696 1189 2766; x_wconf 88' lang='lat' dir='ltr'><strong>pulchre</strong></span> 
     </span>
     <span class='ocr_line' id='line_1_28' title="bbox 224 2764 1189 2904; baseline 0.008 -16"><span class='ocrx_word' id='word_1_188' title='bbox 224 2764 435 2890; x_wconf 61' lang='lat' dir='ltr'><strong>uiderint</strong></span> <span class='ocrx_word' id='word_1_189' title='bbox 445 2765 606 2892; x_wconf 54' lang='lat' dir='ltr'><strong>Anatilii</strong></span> <span class='ocrx_word' id='word_1_190' title='bbox 621 2766 1013 2904; x_wconf 58' lang='lat' dir='ltr'><strong>ttrite-sttuite</strong></span> <span class='ocrx_word' id='word_1_191' title='bbox 1026 2773 1189 2896; x_wconf 59' lang='lat' dir='ltr'><strong>linit:</strong></span> 
     </span>
     <span class='ocr_line' id='line_1_29' title="bbox 224 2905 1136 2966; baseline 0.007 -6"><span class='ocrx_word' id='word_1_192' title='bbox 224 2906 297 2961; x_wconf 80' lang='lat' dir='ltr'><strong>ratm&#39;</strong></span> <span class='ocrx_word' id='word_1_193' title='bbox 319 2905 354 2959; x_wconf 93' lang='lat' dir='ltr'><strong><em>H</em></strong></span> <span class='ocrx_word' id='word_1_194' title='bbox 440 2911 491 2960; x_wconf 91' lang='grc'><strong>229</strong></span> <span class='ocrx_word' id='word_1_195' title='bbox 514 2907 633 2961; x_wconf 83' lang='lat' dir='ltr'><strong>tollerat</strong></span> <span class='ocrx_word' id='word_1_196' title='bbox 655 2909 683 2963; x_wconf 94' lang='lat' dir='ltr'><strong><em>A</em></strong></span> <span class='ocrx_word' id='word_1_197' title='bbox 736 2911 812 2963; x_wconf 86' lang='lat' dir='ltr'><strong>reior</strong></span> <span class='ocrx_word' id='word_1_198' title='bbox 834 2909 863 2963; x_wconf 91' lang='lat' dir='ltr'><strong><em>A</em></strong></span> <span class='ocrx_word' id='word_1_199' title='bbox 885 2912 978 2964; x_wconf 83' lang='lat' dir='ltr'><strong>rector</strong></span> <span class='ocrx_word' id='word_1_200' title='bbox 1000 2911 1136 2966; x_wconf 80' lang='lat' dir='ltr'><strong>Heinsius</strong></span> 
     </span>
     <span class='ocr_line' id='line_1_30' title="bbox 225 2975 1189 3051; baseline 0.005 -20"><span class='ocrx_word' id='word_1_201' title='bbox 225 2980 278 3031; x_wconf 91' lang='grc'>230</span> <span class='ocrx_word' id='word_1_202' title='bbox 297 2975 349 3029; x_wconf 88' lang='lat' dir='ltr'><strong>sub</strong></span> <span class='ocrx_word' id='word_1_203' title='bbox 367 2980 444 3031; x_wconf 86' lang='lat' dir='ltr'><strong>certo</strong></span> <span class='ocrx_word' id='word_1_204' title='bbox 463 2978 501 3046; x_wconf 87' lang='lat' dir='ltr'><strong>A,</strong></span> <span class='ocrx_word' id='word_1_205' title='bbox 518 2996 566 3034; x_wconf 85' lang='lat' dir='ltr'><strong>em.</strong></span> <span class='ocrx_word' id='word_1_206' title='bbox 585 2980 701 3051; x_wconf 76' lang='lat' dir='ltr'><strong>Moehlp</strong></span> <span class='ocrx_word' id='word_1_207' title='bbox 764 2985 814 3033; x_wconf 89' lang='grc'>231</span> <span class='ocrx_word' id='word_1_208' title='bbox 835 2981 869 3034; x_wconf 79' lang='lat' dir='ltr'><strong>di</strong></span> <span class='ocrx_word' id='word_1_209' title='bbox 889 2979 993 3051; x_wconf 81' lang='lat' dir='ltr'><strong>inpolit</strong></span> <span class='ocrx_word' id='word_1_210' title='bbox 1010 2981 1125 3051; x_wconf 80' lang='lat' dir='ltr'><strong>impelii</strong></span> <span class='ocrx_word' id='word_1_211' title='bbox 1143 2999 1189 3036; x_wconf 84' lang='lat' dir='ltr'><strong>ar-</strong></span> 
     </span>
     <span class='ocr_line' id='line_1_31' title="bbox 225 3046 1152 3122; baseline 0.01 -22"><span class='ocrx_word' id='word_1_212' title='bbox 225 3046 276 3100; x_wconf 88' lang='lat' dir='ltr'><strong>dor</strong></span> <span class='ocrx_word' id='word_1_213' title='bbox 293 3047 322 3101; x_wconf 89' lang='lat' dir='ltr'><strong><em>A</em></strong></span> <span class='ocrx_word' id='word_1_214' title='bbox 340 3063 429 3117; x_wconf 80' lang='lat' dir='ltr'><strong>angor</strong></span> <span class='ocrx_word' id='word_1_215' title='bbox 451 3049 566 3122; x_wconf 78' lang='lat' dir='ltr'><strong>Maedlp</strong></span> <span class='ocrx_word' id='word_1_216' title='bbox 643 3056 694 3104; x_wconf 88' lang='grc'><strong>232</strong></span> <span class='ocrx_word' id='word_1_217' title='bbox 713 3051 828 3120; x_wconf 80' lang='lat' dir='ltr'><strong>impulit</strong></span> <span class='ocrx_word' id='word_1_218' title='bbox 849 3052 878 3106; x_wconf 91' lang='lat' dir='ltr'><strong><em>A</em></strong></span> <span class='ocrx_word' id='word_1_219' title='bbox 921 3052 1049 3122; x_wconf 81' lang='lat' dir='ltr'><strong>conpulit</strong></span> <span class='ocrx_word' id='word_1_220' title='bbox 1066 3055 1106 3109; x_wconf 85' lang='lat' dir='ltr'><strong>sic</strong></span> <span class='ocrx_word' id='word_1_221' title='bbox 1124 3054 1152 3108; x_wconf 87' lang='lat' dir='ltr'><strong><em>A</em></strong></span> 
     </span>
    </p>
   </div>
   <div class='ocr_carea' id='block_1_5' title="bbox 222 3153 1188 3655">
    <p class='ocr_par' dir='ltr' id='par_1_24' title="bbox 222 3153 1188 3655">
     <span class='ocr_line' id='line_1_32' title="bbox 225 3153 1187 3232; baseline 0.007 -23"><span class='ocrx_word' id='word_1_222' title='bbox 225 3158 276 3209; x_wconf 88' lang='grc'><strong>233</strong></span> <span class='ocrx_word' id='word_1_223' title='bbox 294 3153 447 3209; x_wconf 81' lang='lat' dir='ltr'><strong>Furiarum</strong></span> <span class='ocrx_word' id='word_1_224' title='bbox 465 3156 507 3225; x_wconf 92' lang='lat' dir='ltr'><strong>A,</strong></span> <span class='ocrx_word' id='word_1_225' title='bbox 532 3173 601 3213; x_wconf 85' lang='lat' dir='ltr'><strong>corr.</strong></span> <span class='ocrx_word' id='word_1_226' title='bbox 620 3157 662 3211; x_wconf 81' lang='lat' dir='ltr'><strong>A1</strong></span> <span class='ocrx_word' id='word_1_227' title='bbox 734 3163 787 3212; x_wconf 88' lang='grc'>234</span> <span class='ocrx_word' id='word_1_228' title='bbox 805 3157 993 3232; x_wconf 76' lang='lat' dir='ltr'><strong>Tristissiieies</strong></span> <span class='ocrx_word' id='word_1_229' title='bbox 1012 3158 1041 3214; x_wconf 97' lang='lat' dir='ltr'><strong><em>A</em></strong></span> <span class='ocrx_word' id='word_1_230' title='bbox 1066 3161 1108 3228; x_wconf 84' lang='lat' dir='ltr'><strong>(io</strong></span> <span class='ocrx_word' id='word_1_231' title='bbox 1132 3178 1187 3216; x_wconf 79' lang='lat' dir='ltr'><strong>rea.</strong></span> 
     </span>
     <span class='ocr_line' id='line_1_33' title="bbox 223 3228 1188 3299; baseline 0.005 -18"><span class='ocrx_word' id='word_1_232' title='bbox 223 3232 282 3282; x_wconf 86' lang='lat' dir='ltr'><strong>eret</strong></span> <span class='ocrx_word' id='word_1_233' title='bbox 300 3228 325 3297; x_wconf 87' lang='lat' dir='ltr'><strong>s)</strong></span> <span class='ocrx_word' id='word_1_234' title='bbox 361 3229 486 3297; x_wconf 82' lang='lat' dir='ltr'><strong>metusq3</strong></span> <span class='ocrx_word' id='word_1_235' title='bbox 504 3244 653 3296; x_wconf 80' lang='lat' dir='ltr'><strong>resecanq3</strong></span> <span class='ocrx_word' id='word_1_236' title='bbox 672 3228 700 3283; x_wconf 89' lang='lat' dir='ltr'><strong><em>A</em></strong></span> <span class='ocrx_word' id='word_1_237' title='bbox 717 3245 844 3283; x_wconf 85' lang='lat' dir='ltr'><strong>reserans</strong></span> <span class='ocrx_word' id='word_1_238' title='bbox 863 3230 976 3286; x_wconf 82' lang='lat' dir='ltr'><strong>Inretns</strong></span> <span class='ocrx_word' id='word_1_239' title='bbox 1035 3235 1090 3284; x_wconf 79' lang='grc'>,235</span> <span class='ocrx_word' id='word_1_240' title='bbox 1108 3231 1188 3299; x_wconf 71' lang='lat' dir='ltr'><strong>peni-</strong></span> 
     </span>
     <span class='ocr_line' id='line_1_34' title="bbox 222 3296 1153 3369; baseline 0.004 -17"><span class='ocrx_word' id='word_1_241' title='bbox 222 3296 291 3352; x_wconf 86' lang='lat' dir='ltr'><strong>tudo</strong></span> <span class='ocrx_word' id='word_1_242' title='bbox 310 3300 464 3354; x_wconf 81' lang='lat' dir='ltr'><strong>nctondatm</strong></span> <span class='ocrx_word' id='word_1_243' title='bbox 543 3304 595 3354; x_wconf 88' lang='grc'>238</span> <span class='ocrx_word' id='word_1_244' title='bbox 613 3299 774 3369; x_wconf 81' lang='lat' dir='ltr'><strong>flegetontis</strong></span> <span class='ocrx_word' id='word_1_245' title='bbox 793 3300 822 3354; x_wconf 89' lang='lat' dir='ltr'><strong><em>A</em></strong></span> <span class='ocrx_word' id='word_1_246' title='bbox 898 3306 954 3355; x_wconf 78' lang='lat'>239.</span> <span class='ocrx_word' id='word_1_247' title='bbox 968 3301 1106 3356; x_wconf 83' lang='lat' dir='ltr'><strong>Tartarea</strong></span> <span class='ocrx_word' id='word_1_248' title='bbox 1124 3302 1153 3356; x_wconf 89' lang='lat' dir='ltr'><strong><em>A</em></strong></span> 
     </span>
     <span class='ocr_line' id='line_1_35' title="bbox 224 3369 1187 3441; baseline 0.004 -19"><span class='ocrx_word' id='word_1_249' title='bbox 224 3374 276 3424; x_wconf 85' lang='grc'>240</span> <span class='ocrx_word' id='word_1_250' title='bbox 294 3369 393 3425; x_wconf 90' lang='lat' dir='ltr'><strong>medus</strong></span> <span class='ocrx_word' id='word_1_251' title='bbox 411 3369 440 3426; x_wconf 90' lang='lat' dir='ltr'><strong><em>A</em></strong></span> <span class='ocrx_word' id='word_1_252' title='bbox 476 3373 506 3425; x_wconf 81' lang='lat' dir='ltr'><strong>et</strong></span> <span class='ocrx_word' id='word_1_253' title='bbox 523 3377 682 3441; x_wconf 80' lang='lat' dir='ltr'><strong>corruptum</strong></span> <span class='ocrx_word' id='word_1_254' title='bbox 719 3371 768 3425; x_wconf 89' lang='lat' dir='ltr'><strong>sed</strong></span> <span class='ocrx_word' id='word_1_255' title='bbox 786 3387 864 3425; x_wconf 90' lang='lat' dir='ltr'><strong>mens</strong></span> <span class='ocrx_word' id='word_1_256' title='bbox 886 3375 931 3428; x_wconf 83' lang='lat' dir='ltr'><strong>est</strong></span> <span class='ocrx_word' id='word_1_257' title='bbox 947 3373 1090 3429; x_wconf 79' lang='lat' dir='ltr'><strong>Baehrens</strong></span> <span class='ocrx_word' id='word_1_258' title='bbox 1107 3389 1187 3427; x_wconf 84' lang='lat' dir='ltr'><strong>mena</strong></span> 
     </span>
     <span class='ocr_line' id='line_1_36' title="bbox 222 3441 1188 3512; baseline 0.003 -18"><span class='ocrx_word' id='word_1_259' title='bbox 222 3442 267 3494; x_wconf 86' lang='lat' dir='ltr'><strong>esi</strong></span> <span class='ocrx_word' id='word_1_260' title='bbox 285 3443 315 3494; x_wconf 82' lang='lat' dir='ltr'><strong>ei</strong></span> <span class='ocrx_word' id='word_1_261' title='bbox 332 3441 361 3495; x_wconf 93' lang='lat' dir='ltr'><strong><em>A</em></strong></span> <span class='ocrx_word' id='word_1_262' title='bbox 433 3446 483 3496; x_wconf 86' lang='grc'>241</span> <span class='ocrx_word' id='word_1_263' title='bbox 504 3441 601 3496; x_wconf 82' lang='lat' dir='ltr'><strong>ficium</strong></span> <span class='ocrx_word' id='word_1_264' title='bbox 618 3443 730 3498; x_wconf 75' lang='lat' dir='ltr'><strong>Iunctus</strong></span> <span class='ocrx_word' id='word_1_265' title='bbox 765 3442 896 3512; x_wconf 78' lang='lat' dir='ltr'><strong>protullii</strong></span> <span class='ocrx_word' id='word_1_266' title='bbox 913 3445 941 3499; x_wconf 88' lang='lat' dir='ltr'><strong><em>A</em></strong></span> <span class='ocrx_word' id='word_1_267' title='bbox 1010 3448 1062 3497; x_wconf 89' lang='grc'>243</span> <span class='ocrx_word' id='word_1_268' title='bbox 1082 3443 1188 3498; x_wconf 90' lang='lat' dir='ltr'><strong>donum</strong></span> 
     </span>
     <span class='ocr_line' id='line_1_37' title="bbox 222 3511 1188 3585; baseline 0.005 -21"><span class='ocrx_word' id='word_1_269' title='bbox 222 3511 251 3564; x_wconf 90' lang='lat' dir='ltr'><strong><em>A</em></strong></span> <span class='ocrx_word' id='word_1_270' title='bbox 269 3512 361 3566; x_wconf 84' lang='lat' dir='ltr'><strong>totum</strong></span> <span class='ocrx_word' id='word_1_271' title='bbox 379 3512 414 3567; x_wconf 91' lang='lat' dir='ltr'><strong><em>H</em></strong></span> <span class='ocrx_word' id='word_1_272' title='bbox 465 3518 516 3567; x_wconf 81' lang='grc'>245</span> <span class='ocrx_word' id='word_1_273' title='bbox 537 3513 708 3570; x_wconf 83' lang='lat' dir='ltr'><strong>Sustulleraa</strong></span> <span class='ocrx_word' id='word_1_274' title='bbox 727 3513 755 3568; x_wconf 90' lang='lat' dir='ltr'><strong><em>A</em></strong></span> <span class='ocrx_word' id='word_1_275' title='bbox 819 3519 871 3570; x_wconf 87' lang='grc'>246</span> <span class='ocrx_word' id='word_1_276' title='bbox 890 3513 974 3585; x_wconf 84' lang='lat' dir='ltr'><strong>cupia</strong></span> <span class='ocrx_word' id='word_1_277' title='bbox 992 3515 1020 3570; x_wconf 91' lang='lat' dir='ltr'><strong><em>A</em></strong></span> <span class='ocrx_word' id='word_1_278' title='bbox 1064 3518 1188 3570; x_wconf 80' lang='lat' dir='ltr'><strong>mentem</strong></span> 
     </span>
     <span class='ocr_line' id='line_1_38' title="bbox 222 3581 754 3655; baseline 0.006 -18"><span class='ocrx_word' id='word_1_279' title='bbox 222 3581 264 3637; x_wconf 86' lang='lat' dir='ltr'><strong><em>A:</em></strong></span> <span class='ocrx_word' id='word_1_280' title='bbox 281 3581 400 3636; x_wconf 84' lang='lat' dir='ltr'><strong>mullum</strong></span> <span class='ocrx_word' id='word_1_281' title='bbox 421 3583 537 3655; x_wconf 80' lang='lat' dir='ltr'><strong>Maeidy</strong></span> <span class='ocrx_word' id='word_1_282' title='bbox 554 3586 620 3653; x_wconf 76' lang='lat' dir='ltr'><strong>fort.</strong></span> <span class='ocrx_word' id='word_1_283' title='bbox 638 3586 754 3640; x_wconf 80' lang='lat' dir='ltr'><strong>uotum?</strong></span> 
     </span>
    </p>
   </div>
   <div class='ocr_carea' id='block_1_6' title="bbox 0 0 1326 3922">
    <p class='ocr_par' dir='ltr' id='par_1_25' title="bbox 0 0 1326 3922">
     <span class='ocr_line' id='line_1_39' title="bbox 0 0 1326 3922; baseline 0 2"><span class='ocrx_word' id='word_1_284' title='bbox 0 0 1326 3922; x_wconf 95' lang='lat' dir='ltr'><strong> </strong></span> 
     </span>
    </p>
   </div>
  </div>
 </body>
</html>
