2646 3920
230 165 334 219 XXXII
610 162 815 219 PRAEFATIO

231 334 376 409 carmina,
404 330 427 390 V
451 330 638 410 Petronium,
668 330 706 391 Vl
728 330 852 392 Luxorii
874 331 1026 413 aequales,
1053 330 1105 393 Vll
1128 352 1199 394 oen-

231 433 325 482 tones.
372 419 416 479 Ne
439 419 489 480 hic
513 419 633 499 quidem
658 422 720 481 veri
744 420 968 482 similitudinem
993 438 1098 483 corum
1122 440 1199 502 quae

231 511 333 589 posuit
355 508 414 570 ulla
437 510 552 570 ratione
575 508 704 587 probare
727 508 846 588 potuit]

299 598 406 660 Paucis
429 598 558 676 denique
582 597 742 659 dicendum
766 608 813 660 est
835 598 872 658 de
894 602 1016 660 schedis
1035 600 1200 662 Divionen-

231 690 314 749 st'bus
347 706 421 768 quas
454 687 592 765 [praeter
624 706 657 747 ea
691 705 766 766 quae
795 706 832 748 ex
859 686 1014 749 Claudiani
1043 688 1200 750 codicibus

197 798 217 837 α
233 775 354 855 habent]
380 795 416 837 ex
437 778 464 837 A
487 777 653 854 descriptas
677 784 707 837 et
730 784 888 854 propterea
912 771 966 859 αῖ)
990 796 1006 836 3
1028 795 1076 838 me
1101 779 1200 857 signa-

230 879 274 928 tas
293 866 482 927 Burmannus
507 866 626 926 maioris
650 868 739 944 pretii
762 883 828 926 esse
853 884 941 944 quam
966 868 1065 944 ipsum
1085 865 1197 928 librum

231 956 444 1017 Salmasianum
468 952 571 1014 multis
595 953 667 1014 locis
691 956 798 1015 innuit.
841 953 883 1014 De
908 954 1017 1034 quihus
1040 955 1112 1033 quid
1137 963 1199 1016 sta·
1306 976 1307 997 ¹

230 1044 375 1107 tuendum
407 1045 462 1124 sit,
498 1045 667 1104 accuratius
703 1042 765 1103 dixi
800 1046 831 1104 in
869 1061 935 1104 anu.
973 1043 1075 1122 philol.
1110 1041 1198 1107 1868
1306 1044 1307 1049 ’

230 1153 260 1213 p.
278 1131 342 1195 698
354 1151 419 1211 sqq.
466 1131 587 1192 Scilicet
614 1135 693 1193 inter
720 1150 814 1192 annos
841 1128 923 1195 1651
953 1129 1199 1211 3117511333-

231 1222 361 1283 minibus
389 1229 419 1281 et
447 1223 535 1281 tacite
564 1221 728 1281 emendatis
756 1230 787 1281 et
819 1220 984 1281 secundum
1012 1232 1199 1301 argumenta,

229 1311 408 1373 Pithoeauae
433 1309 560 1389 syllogae
579 1311 681 1389 instar,
705 1313 735 1369 in
756 1309 891 1371 ordinem
910 1309 1049 1389 redactis,
1070 1309 1197 1372 Divione

231 1420 266 1461 ex
291 1403 317 1461 A
340 1400 507 1479 descriptae
536 1407 619 1477 sunt,
649 1401 743 1460 etita
767 1398 901 1478 quidem,
929 1408 964 1460 ut
991 1402 1044 1478 qui
1072 1399 1198 1461 schedas

231 1490 353 1568 scripsit
379 1489 436 1550 hoc
465 1490 562 1567 egisse
591 1488 739 1564 videatur,
778 1496 811 1548 ut
838 1487 980 1567 spllcgam
1008 1506 1093 1550 suam
1126 1497 1199 1550 tam·
1308 1506 1309 1515 ¹

231 1598 319 1659 quam
339 1578 517 1639 Pithoeanae
541 1576 781 1656 supplementum
804 1576 888 1656 prelo
913 1577 1078 1658 subiceret3
1103 1596 1197 1656 quare

231 1667 280 1729 illa
308 1675 423 1728 tantum
453 1665 627 1726 Salmasiani
654 1668 785 1727 carmina
813 1668 928 1745 recepit
957 1684 1045 1746 quae,
1074 1668 1144 1745 quia
1167 1668 1199 1726 iu
1309 1662 1310 1713 l

232 1758 262 1817 B
286 1774 346 1816 non
374 1762 488 1836 extant,
519 1774 535 1814 a
563 1754 686 1816 Pithoeo
714 1754 826 1834 publici
854 1757 928 1816 iuris
961 1754 1094 1816 nondum
1123 1756 1199 1816 facta
1309 1746 1310 1753 ἵ

233 1853 326 1906 erant.
371 1842 437 1905 Non
460 1852 560 1905 tamen
583 1862 619 1904 ex
643 1846 708 1922 ipso
732 1845 772 1923 A,
800 1843 853 1904 sed
881 1861 917 1905 ex
941 1844 1109 1924 apographo
1133 1847 1200 1905 eius

233 1933 332 2013 aliquo
356 1932 481 1993 schedas
504 1932 626 1993 lluxisse
651 1932 783 2012 exempla
812 1931 880 1992 talia
909 1933 1017 1993 docent
1041 1933 1129 2012 quale
1154 1942 1200 1994 est

234 2020 308 2102 304,
326 2020 380 2101 17,
408 2020 461 2082 uhi
489 2025 599 2082 loculis
621 2023 652 2081 in
678 2042 698 2082 α
722 2023 866 2082 omissum
889 2031 948 2102 est,
972 2022 1076 2083 eadem
1099 2030 1200 2084 autem
1310 2016 1311 2033 ¹

233 2130 340 2173 manus
363 2114 395 2171 iu
418 2113 550 2190 margine
569 2115 683 2187 sagitto
702 2110 863 2190 supplevit:
887 2111 965 2190 quod
985 2129 1044 2173 non
1069 2112 1200 2192 iecisset,

235 2204 260 2262 si
289 2203 315 2261 A
342 2202 441 2279 ipsum
470 2201 619 2278 inspicere
646 2199 790 2262 licuisset.
841 2199 890 2260 Sic
919 2196 1033 2280 305,2
1063 2202 1090 2261 A
1118 2210 1201 2261 recte

235 2289 324 2351 hahet
344 2293 448 2364 penio,
478 2310 499 2350 α
520 2293 608 2365 pertis
632 2307 700 2350 cum
724 2290 808 2367 signo
832 2288 1020 2368 corruptelae
1044 2289 1080 2349 ab
1104 2291 1202 2369 ipsius

234 2378 348 2440 librarii
377 2397 465 2440 mauu
494 2379 638 2458 adposito.
688 2398 710 2440 α
738 2377 912 2439 emendatus
941 2386 987 2439 est
1014 2377 1051 2438 ab
1081 2378 1202 2440 homine

234 2469 389 2548 prudenti,
417 2470 470 2548 qui
498 2477 528 2529 et
552 2467 687 2528 Salmasii
715 2468 904 2528 coniecturas
927 2460 976 2550 (a)
1006 2475 1036 2529 31
1066 2467 1116 2527 hie
1140 2467 1201 2528 illic

235 2576 304 2618 suas
333 2552 382 2638 (ut
409 2552 511 2638 puto),
538 2558 617 2618 inler
645 2575 718 2635 quas
747 2557 883 2635 egregiae
912 2565 994 2636 suut,
1025 2558 1056 2617 in
1086 2564 1201 2617 textum

235 2648 362 2726 recepit3
390 2646 462 2725 quid
486 2647 513 2706 A
536 2645 655 2723 habeat,
683 2663 830 2724 nusquam
860 2644 921 2705 iere
950 2645 1071 2707 indicat.
1118 2644 1202 2706 llauc

237 2743 361 2813 propter
380 2752 500 2794 causam
514 2734 685 2794 Burmanno
705 2752 794 2812 saepe
813 2733 1027 2812 praeferendus
1047 2737 1128 2795 risus
1147 2744 1204 2798 est.

236 2822 332 2883 Hodie
351 2821 565 2901 heidelbergae
584 2832 685 2883 extare
709 2841 799 2901 supra
824 2822 962 2883 diximus.
1003 2822 1150 2885 Nonnulla
1170 2833 1205 2885 ut

237 2912 275 2972 ah
299 2931 319 2971 α
344 2911 497 2972 emendata
521 2913 551 2971 in
575 2910 816 2973 adnotationibus
838 2911 976 2992 indicavi,
1000 2930 1076 2991 quae
1100 2914 1203 2974 nescio

238 3019 275 3060 an
295 3001 352 3060 iam
372 3018 392 3061 a
415 3002 456 3060 ita
480 2999 593 3060 habeat.
620 3032 657 3044 —
686 3000 874 3061 Burmannus
893 3000 1012 3062 schedis
1036 3020 1089 3062 sua
1113 3018 1202 3063 manu

237 3089 404 3168 inscripsit:
432 3083 677 3165 ‘Epigrammata
696 3094 824 3165 antiquo
844 3108 883 3151 eae
902 3093 1009 3151 codiee
1027 3092 1206 3153 Divioneust'

238 3171 422 3255 descripta':
447 3178 516 3238 lolio
543 3176 576 3238 lv
599 3179 676 3240 idem
700 3178 825 3240 addidit:
851 3174 1102 3240 ‘communicarit
1123 3182 1203 3241 hoec

310 3404 335 3471 1)
355 3400 553 3471 symphosium
572 3419 628 3456 non
647 3401 803 3471 continenh3
829 3419 915 3471 quare
940 3419 1043 3470 anceps
1063 3401 1201 3472 nouerit,

237 3473 313 3540 quod
331 3472 361 3526 in
384 3474 437 3526 hoc
460 3472 578 3527 eandem
601 3494 620 3527 α
643 3476 740 3528 notam
764 3490 781 3528 a
801 3472 951 3529 Schenklio
970 3473 1063 3529 codici
1083 3473 1204 3544 Sangal-

237 3542 381 3598 13331213
402 3544 499 3599 dalem
520 3544 637 3601 servavi.
