2654 3926
443 239 584 296 CODIOIS
604 238 833 295 SALMASIANI.
1058 241 1123 305 251

608 403 673 468 293

243 522 292 576 De
314 520 433 589 auriga
454 518 622 589 Aegyptio
647 519 708 588 qui
730 532 865 588 semper
886 518 1046 576 vincebat

225 637 366 709 Quamvis
390 638 426 699 ab
450 642 565 699 Aurora
589 639 680 698 fuerit
702 639 854 717 genetrice
879 645 997 699 creatus

268 727 418 808 Memnon,
441 727 561 788 Pelidae
584 728 705 788 conruit
728 725 778 786 ille
802 744 901 787 manu.

225 819 262 877 At
285 824 315 877 te
337 815 432 878 Nocte
456 824 563 895 satum,
586 818 619 877 ni
641 815 735 897 fallor,
758 824 853 877 matre
876 816 990 895 pararit

269 905 378 966 Aeolus
402 914 432 966 et
456 904 639 984 Zephyrios
663 913 751 965 natus
774 907 804 965 in
828 911 913 965 antra
937 923 1021 984 puer.

120 1011 137 1058 o
224 992 286 1055 Nec
310 997 469 1074 quisquam
493 996 543 1074 qni
567 1002 597 1055 te
622 1003 744 1073 serperet
767 1000 908 1055 nascetur
930 993 1073 1054 Achilles:

268 1083 345 1144 Dum
368 1082 507 1144 Memnon
530 1084 606 1143 facie
630 1101 672 1165 es,
695 1101 755 1143 non
779 1093 877 1144 tamen
902 1101 934 1143 es
957 1084 1054 1162 genio.

607 1258 674 1323 294

268 1374 475 1444 sapphinum
497 1374 534 1430 in
556 1373 817 1443 grammaticum
840 1372 1010 1428 furiosum

290 1492 462 1554 Carminum
485 1496 635 1572 interpres
658 1494 818 1569 meritique
841 1499 950 1571 ratnm,

290 1582 365 1643 Crem
388 1582 468 1642 leves
491 1590 587 1641 artem
610 1599 720 1659 pueros
744 1580 852 1640 docere

289 1670 405 1731 Diceris
429 1669 475 1730 rel
498 1677 527 1729 te
551 1671 675 1730 iuvenes
699 1669 874 1748 magistrum

289 1759 424 1820 Audiunt
447 1758 546 1820 verbis
571 1758 663 1819 veluti
685 1757 840 1838 disertum,

291 1847 352 1909 Cur
374 1849 406 1908 in
430 1847 610 1909 horrendam
633 1847 742 1908 suriam
765 1847 882 1907 recedis

290 1935 329 1997 Et
353 1955 442 1997 manu
466 1946 496 1998 et
518 1937 577 1997 telo
602 1938 716 2016 raperis
740 1932 908 1997 cruentas?

289 2025 355 2086 Non
379 2044 420 2106 es,
443 2027 474 2085 in
499 2034 643 2105 quantum
667 2027 752 2086 furor
775 2025 824 2086 hic
847 2024 1001 2107 probatur,

289 2114 403 2193 Dignus
426 2115 506 2175 inter
528 2117 737 2194 grammaticos
762 2117 870 2196 vocari,

291 2202 348 2262 Sed
373 2202 465 2263 malos
489 2206 568 2264 inter
592 2205 701 2264 sociari
724 2201 856 2263 Orestas.

605 2375 672 2442 295

254 2491 469 2560 Glyconeum
491 2491 528 2548 in
550 2494 757 2548 advocatum
780 2491 1016 2547 effeminatum

457 2592 563 2654 Execti
586 2595 701 2673 species
725 2595 790 2673 viri,

457 2681 587 2744 Naturae
611 2700 699 2761 grave
724 2682 863 2761 dedecus,

458 2771 518 2833 Vsu
542 2772 670 2832 femineo
696 2771 790 2853 Paris,

225 2922 293 2979 293.
317 2923 413 2978 aurien
431 2924 459 2979 A
509 2925 581 2979 tab
600 2925 652 2980 aet.
672 2924 767 2995 Meyer
817 2922 958 2994 apellius
976 2924 1005 2979 A
1055 2924 1123 2976 itai

153 2995 250 3065 Meyer
268 2995 300 3049 ut
317 2994 346 3048 A
408 2994 521 3050 4eolos
539 2997 567 3051 A
603 2995 680 3050 latus
699 2996 843 3050 Baehrens
906 2993 1011 3067 oNee]
1030 2994 1074 3049 Ne
1092 2994 1121 3048 A

153 3064 333 3134 Nequiquam
357 3065 391 3121 L.
411 3067 530 3122 Mueller
620 3067 698 3121 6Tu
715 3068 787 3122 idem
840 3065 928 3121 facies
947 3068 975 3120 A
997 3065 1071 3120 facie
1091 3082 1121 3120 es

154 3136 251 3208 Meyer
286 3152 315 3191 ea
335 3154 362 3206 g.
381 3138 479 3193 Bonan.
500 3140 529 3192 et
547 3155 574 3207 g.
593 3137 622 3192 A

226 3206 295 3263 294.
325 3207 429 3263 Safficri
451 3209 481 3262 in
499 3227 553 3279 sqq.
573 3210 601 3264 A
658 3210 876 3277 laetorumque
894 3210 1036 3264 Baehrens
1071 3223 1121 3260 ua-

154 3278 221 3331 dum
239 3279 268 3333 A
315 3280 450 3334 ubreues
464 3281 621 3336 Baehrens!
671 3279 813 3335 3Niteris
831 3281 904 3335 idern
952 3278 1122 3363 4Audeayt

154 3351 182 3403 A
199 3349 328 3404 Audiuni
345 3353 445 3420 suinai
529 3351 643 3416 &Quur
660 3351 692 3406 in
710 3352 814 3406 orendri
833 3351 862 3405 A
898 3348 1045 3404 descendis
1065 3370 1084 3402 a

154 3424 170 3472 6
189 3422 327 3475 eruendos
344 3423 373 3476 A
397 3422 535 3477 uerendus
554 3424 695 3479 Baehrens
768 3428 783 3475 ‘t
802 3422 932 3491 inquam,
951 3421 1019 3474 dum
1036 3421 1121 3477 Sohu-

153 3492 245 3547 bertua
299 3497 315 3545 8
334 3492 504 3560 gramatieos
523 3494 552 3548 A
606 3499 621 3548 9
641 3493 774 3549 sociarios
794 3497 902 3548 orestas
920 3493 949 3547 A

226 3562 295 3619 295.
314 3562 474 3619 Glioonium
491 3564 590 3637 ineqa.
605 3566 633 3621 A
669 3566 793 3636 Agrabe
806 3566 835 3621 A
871 3564 962 3619 3Uso
976 3567 1005 3619 A
1036 3580 1120 3635 pares

153 3634 182 3689 A
198 3637 300 3704 patens
318 3637 468 3707 Baehrens,
487 3638 575 3695 reete?
593 3637 673 3692 Paris
692 3639 875 3694 Burmannus
