2646 3920
188 152 241 206 XII
566 151 772 207 PRAEFATIO

189 335 223 378 ea
246 317 373 377 maxime
393 337 426 378 re
446 318 566 380 difficile
586 319 651 398 luit,
673 320 742 398 quia
761 326 844 380 certo
863 325 995 399 apparet,
1020 337 1053 379 ea
1073 326 1154 379 ante·

189 423 277 485 quam
297 407 329 466 in
348 407 466 468 codices
484 418 605 469 nostros
623 407 908 489 transcriberentur,
927 405 964 467 ab
980 406 1154 468 hominibus

189 512 281 556 sensu
299 497 418 575 poetico
438 498 589 559 destitutis
608 499 639 558 in
659 499 784 557 formam
803 515 910 577 prosae
929 498 1057 558 orationi
1073 498 1155 557 simi-

187 583 292 644 liorem
311 585 361 646 hic
380 585 440 647 illic
459 589 518 647 iam
541 589 659 647 detorta
681 587 784 646 luisse.
832 584 970 663 [Frustra
995 603 1153 664 aggressus

188 681 235 735 est
248 692 312 734 rem
323 673 417 737 Maur.
428 674 563 737 Schmidt
577 678 609 736 in
622 692 723 754 progr.
737 673 864 734 hiberno
874 674 993 735 lenensi
1007 693 1032 735 a.
1043 671 1154 751 1874]

647 882 698 948 ΙΙΙ

254 993 433 1054 Primarium
453 1001 552 1055 autem
573 993 701 1074 syllegae
720 1005 841 1056 nostrae
861 995 1088 1056 fundamentum
1108 1004 1156 1055 est

142 1082 170 1142 A
187 1076 242 1162 (A)
263 1081 357 1143 codex
376 1081 445 1143 olim
467 1082 713 1144 Salmasianus
732 1103 812 1145 nunc
831 1084 1021 1146 Parisinus
1041 1082 1152 1147 10318

187 1163 273 1253 (olim
306 1170 507 1250 supplementi
534 1172 619 1233 latini
647 1165 741 1256 685),
774 1192 864 1251 quem
895 1173 965 1234 inde
999 1173 1036 1233 ab
1065 1176 1153 1234 initio

187 1259 299 1321 saeculi
322 1259 401 1320 XVII
428 1260 514 1322 multi
543 1270 573 1321 et
600 1262 798 1340 inspexerunt
830 1270 860 1322 et
893 1280 929 1321 ex
957 1270 1043 1340 parte
1073 1270 1154 1322 tran·

187 1342 416 1431 scripserunt¹)‚
440 1368 528 1411 nemo
548 1360 646 1411 autem
666 1353 707 1411 ita
728 1351 898 1430 descripsit,
922 1356 957 1410 ut
975 1348 1073 1428 aliqua
1097 1349 1153 1409 sal-

186 1445 247 1498 tem
268 1440 380 1501 codicis
398 1443 495 1519 imago
514 1440 583 1500 inde
602 1441 698 1518 possit
717 1439 969 1499 animolormari.
1006 1437 1154 1516 Equidem

258 1615 285 1680 1)
303 1611 478 1681 Apographa
497 1627 615 1678 quorum
634 1609 760 1678 aliquam
778 1609 952 1664 mentionem
970 1608 1069 1679 accepi
1081 1609 1153 1665 haec

186 1682 344 1751 composui:
354 1681 592 1750 Antiquissimum
601 1699 619 1736 6
628 1682 671 1736 Pr.
682 1683 776 1736 Iureto
787 1681 988 1750 Burgundione
999 1684 1154 1752 (†a.1oue)

186 1753 302 1822 iactum,
321 1752 401 1806 cuius
418 1753 450 1807 in
467 1752 643 1808 bibliotheca
660 1752 789 1807 Parisino
809 1754 922 1825 [17904]
943 1756 981 1823 (n.
996 1758 1049 1806 160
1071 1751 1154 1806 fundi

185 1823 350 1894 Buheriani)
367 1823 453 1878 hodie
472 1825 579 1878 servati
597 1823 796 1890 Quicheratius
814 1823 945 1878 meminit
962 1822 1032 1879 bibl.
1052 1824 1078 1879 d.
1093 1823 1152 1879 l'ec.

187 1895 212 1950 d.
232 1894 322 1952 chart.
341 1896 393 1951 ser.
412 1895 426 1949 Ι
447 1897 515 1950 tom.
535 1896 562 1948 ΙΙ
583 1914 610 1965 p.
628 1901 692 1965 130,
717 1913 738 1950 6.
757 1896 798 1948 111
820 1895 869 1951 t.I
892 1914 920 1965 p.
935 1900 996 1950 206.
1021 1926 1055 1936 -
1078 1895 1153 1964 Apo·

186 1966 327 2035 graphum
344 1965 517 2034 Ν.Η6111611,
542 1967 617 2021 inter
635 1983 724 2020 annos
744 1971 813 2020 1631
833 1969 950 2021 611649
970 1965 1155 2035 descriptum,

187 2054 242 2104 quo
270 2037 447 2091 Burmannus
475 2055 542 2091 usus
570 2041 626 2106 est3
661 2037 746 2092 hodie
774 2040 854 2092 extat
880 2038 1088 2107 Heidelbergae
1117 2037 1152 2093 cf.

186 2126 213 2177 p.
232 2109 293 2163 XV.
319 2140 357 2149 —
383 2107 478 2163 (lodex
495 2108 651 2164 Vossianus
675 2111 730 2164 661.
750 2114 797 2177 16,
823 2125 878 2176 quo
897 2109 925 2164 A
943 2107 1011 2163 inde
1035 2125 1052 2163 a
1070 2127 1097 2178 p.
1117 2114 1154 2162 46

187 2177 344 2248 descriptus
364 2183 415 2248 est,
434 2181 543 2235 recenti
561 2196 647 2235 manu
666 2179 736 2250 (iam
754 2180 867 2234 saeculo
882 2180 933 2235 XV
946 2179 1154 2234 incredibiliter

186 2249 325 2304 adscribit
351 2250 528 2319 Duebnerns)
558 2250 757 2306 ‘vitiosissime
785 2251 934 2321 scriptus’:
962 2251 980 2305 1.
1006 2268 1029 2308 e.
1058 2250 1154 2306 omnia

185 2320 253 2376 libri
266 2321 294 2376 A
311 2321 384 2377 11116
403 2325 535 2378 66661616
553 2323 671 2378 reddere
688 2323 814 2379 ridetur:
837 2323 913 2376 hunc
930 2339 982 2392 ego
997 2322 1064 2377 inde
1077 2323 1154 2390 novi,

181 2394 262 2461 quod
293 2393 472 2448 Burmannus
500 2394 659 2464 apographi
685 2393 835 2448 Heinsiani
865 2394 989 2463 margini
1015 2393 1154 2448 lectiones

186 2463 247 2518 eius
271 2464 392 2522 addidit.
429 2465 584 2520 Vossianus
610 2464 699 2520 etiam
717 2464 852 2519 Salmasii
870 2464 1083 2520 emendationes
1102 2465 1153 2518 ad-

186 2534 308 2605 scriptas
331 2536 464 2592 continet.
506 2537 548 2591 Ex
570 2553 603 2592 eo
628 2553 651 2594 6.
672 2543 715 2592 70,
741 2543 784 2592 91,
803 2542 847 2592 92.
867 2541 910 2592 03.
930 2541 991 2592 162.
1010 2541 1071 2592 241.
1091 2541 1152 2591 280.

187 2612 238 2661 281
257 2607 365 2677 primus
385 2608 475 2663 edidit
494 2610 526 2664 L.
544 2608 698 2663 Muellerus
720 2625 791 2661 mus.
810 2606 852 2663 rh.
876 2607 968 2661 XVIII
985 2625 1012 2676 p.
1027 2612 1080 2660 436
1091 2625 1153 2675 sqq.

186 2710 220 2718 —
239 2677 396 2732 Vossianus
415 2682 468 2734 oct.
489 2684 531 2747 63,
554 2679 590 2733 Ι6.
610 2679 706 2733 Vossii
723 2695 810 2732 manu
829 2677 965 2747 scriptus,
984 2677 1112 2733 continet
1124 2678 1153 2733 A
1249 2729 1254 2738 ,

185 2767 212 2818 p.
229 2754 330 2805 1-46:
353 2749 423 2804 item
442 2766 477 2803 ex
495 2751 656 2804 Burmanno
676 2767 740 2804 eum
758 2749 832 2805 novi.
870 2749 925 2820 [Ex
942 2749 987 2803 his
1007 2749 1153 2803 Vossianis

185 2819 329 2874 Baehrens
349 2837 430 2874 suam
443 2820 511 2874 libri
523 2821 552 2875 A
565 2821 699 2876 notitiam
717 2820 835 2892 hausit]
849 2852 886 2862 -
898 2819 1015 2874 Luxorii
1032 2820 1091 2875 fere
1105 2821 1154 2874 LX

185 2890 253 2944 libri
276 2892 303 2944 A
328 2890 483 2945 carminum
509 2893 570 2946 eod.
589 2891 826 2961 Guelferbytanus
850 2891 910 2945 6116
933 2890 1079 2961 Gudianus
1099 2897 1152 2945 187

187 2961 222 3016 ef.
240 2960 404 3032 Lessingius
423 2963 461 3016 IX
485 2982 512 3032 p.
529 2967 581 3017 184
591 2981 652 3031 sqq.
676 2964 720 3018 ed.
743 2963 858 3018 Lachm.
889 2994 923 3004 -
951 2962 1068 3017 Antonii
1091 2962 1153 3018 016-
1211 3012 1215 3024 ,

186 3032 287 3087 11166111
310 3033 518 3103 apographum,
548 3035 634 3106 [unde
653 3034 777 3104 06661116
797 3034 938 3102 quaedam
961 3033 1102 3104 excerpsit
1124 3035 1155 3086 in

187 3103 283 3159 codice
297 3103 455 3173 0666116116
471 3107 502 3171 Q.
518 3111 551 3160 21
566 3105 666 3175 Hagae
680 3105 821 3160 Comitum
836 3107 971 3177 6611616]
981 3136 1016 3146 -
1026 3104 1154 3161 Schedae

185 3174 383 3246 Divionenses‚
407 3193 478 3244 quas
498 3177 611 3231 saeculo
629 3176 695 3231 XVI
714 3176 834 3245 scriptas
852 3175 969 3230 Parisiis
992 3176 1077 3231 hodie
1096 3192 1153 3230 ser-

186 3246 248 3301 vari
265 3246 432 3301 Duebnerns
452 3247 522 3302 dicit
540 3249 641 3303 ztsehr.
660 3249 679 3303 f.
700 3246 936 3302 61111611661837
955 3266 983 3317 p.
998 3254 1028 3317 83
1049 3248 1099 3302 sed
1117 3246 1153 3302 cf.

185 3336 213 3388 p.
223 3318 295 3374 XIV.
312 3350 346 3359 -
366 3319 493 3374 Schedae
507 3318 701 3388 Divionenses‚
717 3318 820 3386 quibus
834 3318 1011 3373 Burmannus
1026 3336 1094 3374 usus
1109 3321 1155 3373 est

186 3405 315 3458 quaeque
337 3390 423 3444 hodie
445 3390 654 3459 Heidelbergae
677 3392 788 3459 extant3
812 3391 847 3445 de
871 3389 973 3458 quibus
993 3389 1092 3445 statim
1111 3390 1153 3443 di-

186 3477 257 3517 cam.
276 3492 305 3501 -
320 3461 526 3531 Apographnm
539 3461 780 3516 Burmannianum
798 3461 828 3519 L.
843 3461 996 3516 Muellerus
1014 3463 1156 3517 memorat

187 3549 252 3588 ann.
269 3530 340 3603 phil.
361 3538 429 3588 1867
448 3551 475 3603 p.
492 3538 551 3588 802.
