2654 3926
434 219 574 276 conteis
593 219 821 275 SALMASIANI.
1045 221 1110 287 219

147 386 320 448 Inmensum
339 387 480 448 locutura
503 389 595 448 nelas.
637 395 735 447 metus
758 389 866 448 uniens
889 396 985 469 urget,

147 476 192 536 Ne
215 482 317 555 speret
338 477 455 537 iuvenis
478 476 615 537 lacrimas
638 477 759 536 linxisse
783 494 950 538 novercam.

108 564 224 627 ulline
247 574 345 626 tamen
369 567 517 644 incipiam.
559 564 633 626 caeli
656 574 796 643 regnator
819 567 927 625 amavit

146 652 187 714 El
209 652 352 714 thalamos
376 662 459 714 tenet
482 671 540 714 una
564 671 662 734 soror3
686 671 740 714 nee
764 654 889 713 crimine
913 654 1035 732 dignum
1054 663 1109 734 est,

147 742 233 814 Quod
258 742 386 804 mundus
410 761 478 804 eum
501 742 566 821 lege
590 743 668 803 iacit.
710 740 838 803 Telluris
861 742 998 803 alumnus

146 831 228 892 Vnus
252 833 283 891 in
308 831 380 892 orbe
404 832 474 892 luit:
497 831 578 892 nulla
600 840 647 892 est
669 833 804 910 cognatio
827 828 945 911 plebis?

145 919 289 981 Venimus
313 938 347 980 ex
372 939 431 981 uno
455 921 541 980 mixti
563 926 657 1001 patre,
682 928 784 1000 matre,
808 938 919 981 sorore.

90 1023 125 1072 1ο
145 1009 190 1069 Ne
214 1017 329 1070 metuas
352 1008 480 1070 lacinus!
517 1004 588 1070 ‘non
613 1008 675 1069 vult
697 1007 753 1069 hoe
778 1011 855 1070 seire
879 1003 1015 1089 Cupido?

146 1098 258 1176 Pignus
282 1097 374 1158 habes
398 1096 527 1159 tabulas:
551 1116 600 1158 ren
625 1115 691 1157 sum
715 1115 842 1179 semper,
866 1116 917 1159 rea
940 1098 1010 1176 sola,

147 1186 206 1247 Sed
230 1189 256 1246 si
279 1189 445 1266 virgineum
469 1185 645 1248 suliunrlunt
668 1204 719 1246 ora
744 1186 894 1264 ruborem,

145 1274 198 1335 Vel
221 1283 364 1354 negatore
389 1277 463 1336 veui.
505 1276 593 1337 liceat
616 1293 737 1354 sperare
761 1283 915 1354 rogantem

145 1362 184 1424 Et
207 1364 301 1425 laetus
325 1364 452 1426 tolerare
475 1375 553 1426 tuos.
595 1382 704 1444 sequar
727 1382 779 1425 ora
803 1362 934 1445 superbi,

89 1469 125 1517 15
146 1452 254 1515 Oscula
277 1456 430 1533 suspensis
454 1454 579 1532 defigam
603 1452 717 1531 singula
741 1451 858 1533 plantis.

144 1542 191 1602 Me
215 1545 330 1604 cruciet
353 1545 487 1622 captivus
511 1560 602 1621 amor,
626 1559 732 1601 nemus
755 1559 842 1601 omne
866 1540 992 1602 resultet

144 1630 345 1712 Hippolytum,
369 1649 529 1709 secumque
554 1631 629 1690 leret
652 1648 707 1689 vox
731 1628 833 1689 ultima
857 1648 975 1691 nomeu.
1044 1681 1047 1689 ,

144 1720 252 1781 Testor
275 1722 384 1781 amoris
407 1737 483 1780 onus
507 1718 689 1796 Venerisque
713 1719 840 1796 insignio
863 1724 997 1779 nostiae:

144 1807 219 1870 Dum
243 1809 318 1890 volo,
342 1809 413 1869 dum
437 1808 514 1890 nolo,
537 1807 607 1868 (lum
633 1808 736 1868 vincor
759 1806 858 1868 scribo
883 1826 1026 1890 repugno,

87 1911 124 1961 20
145 1896 312 1977 Suspensus
335 1896 410 1958 collo
434 1897 556 1976 laqueos
580 1904 719 1976 rogatura
742 1897 859 1961 resolvi.
1065 1926 1096 1980 p.
1106 1912 1160 1964 141

592 2160 657 2224 280

545 2279 704 2347 BONOSI

1016 2388 1036 2428 n
1092 2388 1118 2428 n

510 2416 611 2472 Vnde
633 2429 737 2485 supra
1026 2409 1161 2485 ᾖγρθξ

355 2533 505 2596 lnoestum
529 2537 555 2594 si
578 2536 762 2614 promiseris,
785 2536 873 2615 petii3

357 2622 388 2683 Si
411 2625 575 2704 negaveris,
598 2632 630 2684 tu
654 2625 766 2703 petisti.

212 2863 367 2919 3doelure
389 2866 562 2936 Oudendorp.
599 2865 698 2920 medus
716 2867 744 2921 A
808 2863 964 2919 olalomos
983 2865 1011 2920 A
1048 2882 1105 2919 una

140 2933 177 2990 A.
205 2952 273 2990 utun
294 2934 376 3002 ipsa?
431 2942 532 3006 'trege
550 2944 576 2993 et
595 2945 610 2992 8
629 2937 721 2991 mulla
739 2940 784 2991 est
806 2937 841 2993 L.
861 2937 1015 2993 Muellerus
1037 2954 1103 2992 eun.

136 3007 235 3076 philol.
255 3010 323 3060 teor
338 3025 369 3077 p.
383 3011 445 3062 501.
473 3008 590 3079 Sipuum
607 3010 800 3080 iuterropnucll
817 3010 917 3064 addidi
973 3013 1006 3063 11
1027 3024 1104 3079 semp

140 3079 171 3131 et
187 3093 236 3132 rea
254 3078 282 3132 A
306 3094 417 3147 semper
437 3094 487 3132 rea
506 3097 567 3132 sum
591 3081 621 3132 et
642 3097 663 3134 r.
683 3096 705 3135 e.
724 3080 759 3134 L.
779 3080 930 3136 Muellerus
951 3095 1053 3149 nempe
1076 3082 1106 3133 et

139 3148 280 3204 Baelreua
343 3154 377 3203 13
392 3152 520 3218 epeelere
538 3152 690 3219 negantem
708 3153 844 3220 elepauler
862 3151 896 3205 L.
916 3151 1069 3206 Muellerus

142 3218 374 3289 17Hypp01itum
393 3224 426 3275 A·
472 3224 506 3275 18
525 3237 595 3291 opus
609 3222 707 3278 Boura.
745 3224 795 3295 ffrp
809 3223 838 3276 A
883 3227 917 3276 19
936 3219 1026 3275 serino
1041 3220 1069 3275 A

140 3295 175 3343 20
196 3289 353 3359 Suspensus
371 3292 399 3346 A
435 3291 537 3361 laqueo
555 3292 593 3361 A,
610 3292 728 3362 laqueos
747 3311 781 3349 m.
800 3310 853 3348 ree.
872 3300 898 3348 el
915 3312 934 3346 u

210 3414 279 3470 280.
297 3414 406 3469 Honori
423 3415 458 3471 L.
478 3416 631 3472 Muellerus
686 3415 781 3487 lpeti
798 3415 827 3470 A
845 3414 918 3485 petii
931 3437 950 3470 α
1004 3421 1104 3487 28084.

139 3502 270 3540 uersuum
287 3487 356 3554 fines
373 3494 534 3556 eousouout,
551 3490 661 3543 uuuurl
674 3489 791 3558 pedesue
808 3489 882 3543 uulll
899 3495 964 3543 eruet
