2654 3926
442 225 581 281 colticis
601 225 781 280 SALMASIA
808 224 828 280 1.
1057 221 1121 286 283

607 426 672 490 363

337 544 380 600 In
402 541 571 598 ebriosam
595 542 629 596 et
651 540 733 596 satis
755 539 938 595 meientem
1043 550 1047 567 ¹

155 661 242 751 Quod
266 662 343 723 bibis
360 658 425 738 [et]
455 669 550 720 totum
575 660 699 720 dimittis
723 658 759 719 ab
783 661 904 737 inguine
927 657 1086 737 Bacchum,

200 752 273 812 Pars
297 750 352 812 tibi
375 751 513 827 superior
537 747 641 809 debuit
663 766 729 808 esse
754 748 859 808 femur.

155 840 275 901 Potabis
299 848 381 900 recto
407 830 726 921 (poteris,Follonia1)
751 837 877 916 Baccho,

202 931 234 989 Si
257 938 341 1008 parte
364 926 517 987 horridius
541 926 683 986 inferiore
707 925 800 986 bibas,

606 1155 672 1221 364
931 1170 966 1218 (Β.
982 1169 1053 1209 esiam
1066 1168 1106 1208 111
1120 1169 1176 1217 222.)

236 1274 277 1329 In
300 1271 478 1327 mulierem
500 1271 655 1340 pulcram
678 1270 824 1326 castitati
846 1270 1042 1325 studentem

224 1390 362 1452 Pulcrior
385 1401 415 1451 et
439 1392 518 1451 nivei
541 1409 610 1450 cum
634 1393 673 1449 sit
696 1389 749 1450 tibi
775 1389 868 1448 forma
893 1387 1010 1467 coloris,

268 1480 382 1541 Cuncta
405 1480 565 1558 pudicitiae
589 1482 653 1538 iura
679 1487 781 1538 tenere
805 1480 900 1556 cupis.

223 1568 391 1629 Mirandum
415 1578 470 1647 est,
495 1567 575 1645 quali
598 1575 733 1627 naturam
757 1566 844 1626 laude
867 1565 1026 1644 gubernes,

267 1657 401 1718 Moribus
423 1665 458 1716 ut
480 1655 584 1735 Pallas,
608 1673 733 1733 corpore
758 1654 863 1734 Cypris
887 1672 945 1714 eas.

117 1762 137 1812 5
224 1746 265 1806 Te
289 1764 388 1825 neque
411 1746 542 1823 coniugii
565 1744 638 1803 libet
662 1747 814 1822 excepisse
837 1743 980 1825 levamen,

269 1834 393 1913 Saepius
416 1843 539 1913 exoptas
562 1833 640 1893 nolle
665 1833 765 1894 videre
789 1851 894 1893 mares.

223 1923 302 1983 Haec
326 1933 425 1983 tamen
449 1931 495 1983 est
518 1926 616 1982 animo
641 1925 773 2001 quamvis
797 1940 885 1982 exosa
908 1921 1055 2000 voluptas:

267 2011 417 2090 Numquid
441 2030 500 2071 non
526 2012 633 2072 mulier
656 2014 794 2089 conparis
818 2029 883 2071 esse
907 2007 1015 2090 potes‘?

607 2239 672 2303 365

208 2356 258 2410 De
281 2369 322 2410 eo
345 2354 407 2425 qui
429 2368 510 2410 eum
532 2355 649 2409 Burdo
674 2353 845 2409 diceretur
867 2352 957 2408 filiae
980 2366 1063 2408 suae

377 2443 580 2513 Passipheae
603 2457 731 2498 nomen
752 2442 903 2511 inposuit

223 2562 453 2642 Disciplinarum
477 2581 543 2622 esse
566 2561 718 2621 hominem
741 2563 880 2640 risusque
908 2578 1054 2639 capacem,

269 2651 354 2723 Quod
380 2650 452 2713 nulli
475 2659 521 2711 est
544 2651 662 2730 pecudi,
686 2651 760 2710 dixit
782 2649 965 2710 Aristoteles·

227 2840 296 2898 333.
316 2840 441 2895 ebriosas
455 2842 483 2894 A
521 2842 584 2894 let
597 2841 661 2895 add.
677 2859 695 2894 a
723 2837 957 2893 reminiscent.
995 2843 1122 2906 isuper-

155 2911 456 3038 {grrrnffgiorjapotaris
475 2911 503 2965 A
521 2909 635 2980 potabis
654 2928 701 2982 epo
738 2909 869 2964 Fullonia,
888 2930 907 2962 α
968 2908 1121 2964 imferius

228 3072 296 3128 334.
320 3071 463 3125 castitatis
486 3073 514 3125 A
538 3073 609 3125 item
632 3073 763 3126 inscribit
781 3070 803 3126 S
823 3074 899 3138 (posi
917 3087 938 3125 c.
955 3071 1121 3136 703-705);

156 3145 239 3199 inser.
259 3161 309 3199 om.
329 3145 455 3198 Petronii
477 3146 517 3198 ed.
542 3144 742 3198 Patissoniana
761 3161 790 3212 p.
812 3147 864 3195 164
941 3146 955 3193 1
975 3140 1123 3220 Pulebrior

156 3251 276 3305 Binetns
335 3248 433 3318 3lege
452 3250 627 3305 Patissonins
663 3248 800 3318 gubernes
819 3249 848 3302 A
906 3227 1122 3316 Acorporriseas

157 3321 185 3375 A
221 3337 337 3390 corpore
351 3320 450 3389 Cypris
470 3337 518 3374 eas
538 3320 675 3390 SCypris
694 3337 743 3374 eas
757 3337 856 3374 manns
869 3319 1003 3374 recentior
1020 3322 1052 3373 in
1070 3337 1122 3389 unp.

157 3393 185 3447 A
231 3391 347 3445 biuuat
367 3391 538 3460 ..ligamen
548 3393 690 3447 Baehrens
726 3389 902 3460 excipisseA
950 3393 1122 3459 dexoptans

157 3464 219 3530 AS,
237 3482 284 3519 em.
304 3464 487 3518 Burmannus
559 3468 575 3516 8
596 3479 659 3516 cum
676 3462 753 3532 paris
774 3463 818 3518 Su
854 3459 1002 3530 conparis
1021 3462 1048 3516 A

228 3552 296 3608 335.
324 3551 430 3621 passife
454 3552 482 3606 A
572 3558 588 3606 2
613 3569 642 3606 22
665 3553 789 3622 pecodus
813 3549 854 3621 A,
877 3568 945 3607 corr.
970 3570 988 3606 a
1005 3551 1123 3620 pecudis

156 3622 297 3679 Baeinena
