2654 3926
433 197 572 255 coblcls
592 198 820 255 sentinemus.
1043 196 1109 263 207

146 366 278 428 Flamma
301 366 358 441 dei,
382 366 473 427 trahit
495 367 526 426 in
549 365 647 426 medlo
671 367 798 445 suspiria
823 383 926 425 sonmo

147 456 184 516 Et
207 455 354 516 Venerem
377 457 448 516 totis
471 454 663 534 pulmonibus
685 456 774 515 ardor
797 453 923 515 anhelat.

146 544 213 624 Ipsa
236 545 337 605 Venus
359 553 431 606 tunc
455 552 527 605 tunc
551 543 654 605 calidis
677 561 822 605 succensa
846 544 967 604 venenis

148 632 249 695 Vritur
272 634 445 715 ardescens,
469 651 524 694 neo
548 635 661 694 somnia
684 641 769 712 perta
793 633 902 711 quieta.

76 722 172 786 1200
197 741 285 802 quam
309 722 414 783 blanda
439 721 537 802 quies!
561 742 578 783 o
602 740 690 802 quam
713 721 789 783 bene
813 728 964 799 presserat
986 727 1069 781 artus

146 812 248 872 Nudos
272 813 359 873 forte.
373 810 476 890 soporl
500 814 593 872 niveis
617 810 736 872 sullulta
760 811 879 872 lacertis

147 900 226 961 Colla
250 902 356 982 nitent,
380 909 485 981 pectus
509 904 626 979 gemino
651 901 736 980 quasi
760 900 858 961 sidere
881 907 990 977 turget.

145 989 211 1049 Non
235 991 332 1051 omnis
356 992 496 1068 resupina
519 992 604 1069 iacet,
628 989 680 1050 sed
704 1007 830 1068 corpore
854 988 929 1049 llexo

146 1077 274 1140 Molliter
297 1087 327 1139 et
350 1078 475 1140 laterum
501 1097 558 1157 qua
582 1097 614 1139 se
638 1080 764 1140 oonllnia
787 1080 924 1156 iungunt.

73 1179 126 1228 125
145 1165 270 1228 blartem
294 1169 457 1248 respiciens
480 1168 603 1248 deponit
625 1167 737 1229 lumina
761 1186 873 1247 somno,

146 1255 204 1316 Sed
228 1259 365 1336 gratiosa,
388 1256 506 1318 decens.
547 1256 605 1318 Pro
629 1257 704 1318 lucis
727 1258 805 1317 lorte
828 1255 942 1336 Cupido

145 1344 246 1407 Martis
270 1344 327 1407 tela
351 1348 441 1426 gerit3
465 1364 541 1425 quae
564 1354 722 1425 postquam
745 1344 860 1424 singula
885 1342 1038 1423 [sumpsit]
1044 1392 1053 1425 ,

144 1434 281 1495 Loricam
304 1436 441 1515 clypeum
464 1435 592 1514 gladium
616 1435 777 1515 galeaeque
800 1435 945 1494 minacis

145 1522 266 1604 Cristae,
288 1524 362 1585 llore
386 1523 465 1604 ligat.
507 1533 579 1584 tnnc
601 1524 704 1585 hastae
727 1523 858 1603 pondera
882 1517 1007 1600 temptat

68 1617 124 1675 130
144 1611 328 1693 Miraturque
352 1612 415 1675 suis
438 1621 554 1673 tantum
578 1613 698 1674 licuisse
722 1614 845 1690 sagittis.

189 1701 249 1763 lam
272 1703 404 1763 medium
428 1701 565 1767 Phoebus
589 1702 679 1763 radiis
703 1700 877 1780 possederat
899 1697 1012 1780 orbern,

143 1790 203 1851 lam
227 1792 350 1853 tumidis
373 1790 500 1852 calidum
525 1793 653 1870 spatium
677 1790 835 1851 libraverat
858 1785 950 1850 horis.

143 1879 340 1942 Flammantes
363 1879 511 1941 retinebat
534 1899 636 1959 equos.
676 1884 732 1960 pro
756 1881 874 1941 conscia
898 1879 968 1939 lacti

142 1967 242 2030 lurida
266 1967 329 2031 lnx!
367 1959 489 2029 Veneris
512 1973 563 2049 qui
587 1988 667 2031 nunc
689 1969 859 2049 produntur
882 1962 999 2029 amores

69 2070 124 2120 135
143 2057 279 2138 Lumine,
302 2057 430 2137 Phoebe,
452 2057 518 2119 tuo!
556 2067 635 2120 stant
658 2060 738 2137 cepti
761 2058 859 2118 iudice
883 2064 964 2117 tanto

143 2146 222 2208 blars
245 2148 336 2207 Amor
359 2157 390 2207 et
413 2146 533 2228 Paphie,
557 2149 707 2226 ramisque
731 2148 843 2207 inserta
866 2152 1052 2205 tremescunt

143 2234 278 2314 Lumina,
302 2254 356 2295 nec
380 2238 494 2295 crimen
518 2245 645 2313 possunt
667 2244 697 2295 te
720 2244 798 2295 teste
820 2251 938 2312 negare.

143 2322 264 2382 Viderat
287 2324 389 2384 effusis
412 2323 571 2383 Gradivum
594 2323 733 2384 Phoebus
756 2318 881 2400 habenis
1064 2351 1094 2403 p,
1104 2338 1158 2390 133

142 2409 177 2471 ln
200 2412 314 2490 gremio
337 2411 464 2491 Paphiae
489 2415 651 2491 spirantem
675 2412 811 2472 incendia
835 2412 953 2472 amoris.

68 2514 123 2564 140
143 2500 168 2561 0
192 2518 293 2562 rertrm
317 2500 392 2561 male
415 2508 479 2562 tuta
502 2499 589 2562 fides!
613 2522 630 2561 o
654 2500 759 2580 gaudia
783 2510 813 2561 et
835 2502 909 2580 ipsis

142 2587 196 2651 Vix
219 2608 324 2651 secura
348 2588 425 2651 deis!
449 2592 517 2670 quis
540 2609 609 2672 non,
632 2609 700 2651 cum
725 2588 830 2670 Cyprls
854 2598 975 2669 amaret,

214 2782 265 2832 116
284 2778 354 2834 braii
371 2780 400 2835 A
453 2785 505 2834 118
525 2797 662 2849 suspense
679 2781 716 2848 A,
734 2796 803 2836 corr.
818 2780 916 2834 Burm.
969 2784 1019 2832 119
1038 2779 1102 2851 nec]

141 2866 209 2904 oum
223 2853 312 2904 tuno?
348 2855 430 2920 parte
449 2852 486 2919 A,
504 2869 572 2907 corr.
595 2853 775 2921 Oudendorp..
855 2855 904 2903 121
925 2849 1026 2904 Nudus
1044 2851 1073 2905 A

142 2925 194 2974 124
207 2923 248 2978 sic
258 2925 283 2975 A
293 2928 363 2979 recte
376 2940 432 2991 quo
447 2938 476 2976 se
487 2966 493 2977 .
505 2966 511 2978 .
523 2967 529 2979 .
540 2922 661 2992 iungant
669 2923 811 2978 Baeluens
838 2922 877 2993 q]
885 2924 920 2976 nt
929 2937 981 2975 sue
990 2922 1103 2993 Moeblp

142 2996 193 3047 126
212 2992 342 3049 Proludit
357 2994 530 3064 Oudendorp.
575 2993 657 3049 fortis
676 2994 704 3048 A
781 2998 832 3048 127
851 2992 926 3063 gerit
944 2995 1044 3064 scripsi
1060 3009 1103 3048 re·

140 3079 210 3132 gens
229 3065 258 3119 A
312 3083 339 3134 q;
358 3065 386 3119 A
404 3064 479 3119 uidit
500 3067 565 3121 add.
585 3086 616 3135 α,
636 3064 757 3134 sumpsit
774 3083 822 3136 epo
845 3065 950 3120 lustrat
967 3066 1066 3121 Burro.

142 3139 192 3189 128
216 3136 347 3206 clypeum
371 3136 485 3206 gladius
508 3137 615 3210 calepq3
638 3137 763 3191 minaces
781 3138 809 3191 A
900 3142 951 3191 129
974 3135 1056 3190 flores
1074 3135 1103 3191 A

140 3208 201 3261 aste
219 3207 249 3262 A
283 3208 359 3263 tetab
377 3209 406 3263 A
469 3208 656 3277 1301iguisse
675 3209 703 3263 A
764 3213 815 3262 131
834 3206 926 3261 foebis
943 3207 972 3263 A
1007 3222 1103 3276 posse·

140 3276 208 3332 dere
227 3278 257 3346 (d
275 3295 358 3349 super
375 3282 389 3333 t
406 3286 494 3346 eroso)
573 3285 623 3334 132
642 3278 775 3334 Dimidiis
798 3280 900 3335 conieci
922 3277 981 3331 Iam
1000 3276 1102 3330 mediis

139 3347 288 3421 Maehlpus
342 3349 452 3405 calidus
481 3349 581 3420 spatiis
607 3357 633 3407 et
658 3351 742 3407 hores
768 3352 866 3407 Burm.
959 3354 1009 3402 134
1033 3347 1102 3417 quid

141 3455 316 3526 Oudendorp.
354 3440 449 3512 amorii
468 3457 496 3511 A
569 3462 620 3512 135
638 3457 721 3513 loebe
740 3458 768 3512 A
833 3462 885 3511 136
897 3448 978 3529 'pafie
996 3456 1024 3511 A
1060 3454 1102 3509 in-

137 3527 332 3666 pgpppngorpn.
397 3533 448 3583 138
467 3526 575 3585 Udorub
593 3528 694 3585 inlusis
713 3531 741 3584 A
776 3527 850 3599 foeb3
869 3530 903 3642 A*
957 3532 1009 3582 133
1027 3526 1101 3597 psfie
