<?xml version="1.0" encoding="UTF-8"?>
<!DOCTYPE html PUBLIC "-//W3C//DTD XHTML 1.0 Transitional//EN"
    "http://www.w3.org/TR/xhtml1/DTD/xhtml1-transitional.dtd">
<html xmlns="http://www.w3.org/1999/xhtml" xml:lang="en" lang="en">
 <head>
  <title>
</title>
<meta http-equiv="Content-Type" content="text/html;charset=utf-8" />
  <meta name='ocr-system' content='tesseract 3.04.00' />
  <meta name='ocr-capabilities' content='ocr_page ocr_carea ocr_par ocr_line ocrx_word'/>
</head>
<body>
  <div class='ocr_page' id='page_1' title='image "./anthologialatin02lommgoog_0022.png"; bbox 0 0 2646 3920; ppageno 0'>
   <div class='ocr_carea' id='block_1_1' title="bbox 539 191 1125 252">
    <p class='ocr_par' dir='ltr' id='par_1_1' title="bbox 539 191 1125 252">
     <span class='ocr_line' id='line_1_1' title="bbox 539 191 1125 252; baseline 0.009 -7"><span class='ocrx_word' id='word_1_1' title='bbox 539 191 745 249; x_wconf 78' lang='lat' dir='ltr'><strong>PRAEFATIO</strong></span> <span class='ocrx_word' id='word_1_2' title='bbox 1045 196 1125 252; x_wconf 87' lang='lat' dir='ltr'>XVII</span> 
     </span>
    </p>
   </div>
   <div class='ocr_carea' id='block_1_2' title="bbox 121 356 1128 3201">
    <p class='ocr_par' dir='ltr' id='par_1_2' title="bbox 121 356 1128 3201">
     <span class='ocr_line' id='line_1_2' title="bbox 156 356 1124 444; baseline 0.004 -24"><span class='ocrx_word' id='word_1_3' title='bbox 156 358 269 420; x_wconf 80' lang='lat' dir='ltr'>Deinde</span> <span class='ocrx_word' id='word_1_4' title='bbox 290 358 434 419; x_wconf 88' lang='lat' dir='ltr'><strong>Salmasio</strong></span> <span class='ocrx_word' id='word_1_5' title='bbox 453 356 580 420; x_wconf 80' lang='grc'><strong>31653</strong></span> <span class='ocrx_word' id='word_1_6' title='bbox 599 370 718 421; x_wconf 88' lang='lat' dir='ltr'><strong>mortuo</strong></span> <span class='ocrx_word' id='word_1_7' title='bbox 738 363 767 422; x_wconf 93' lang='lat' dir='ltr'><strong>in</strong></span> <span class='ocrx_word' id='word_1_8' title='bbox 788 360 911 423; x_wconf 82' lang='lat' dir='ltr'>Galliam</span> <span class='ocrx_word' id='word_1_9' title='bbox 930 361 1007 424; x_wconf 86' lang='lat' dir='ltr'><strong>liber</strong></span> <span class='ocrx_word' id='word_1_10' title='bbox 1025 364 1124 444; x_wconf 89' lang='lat' dir='ltr'><strong>rediit,</strong></span> 
     </span>
     <span class='ocr_line' id='line_1_3' title="bbox 158 446 1123 530; baseline 0.003 -20"><span class='ocrx_word' id='word_1_11' title='bbox 158 447 210 510; x_wconf 91' lang='lat' dir='ltr'><strong>ubi</strong></span> <span class='ocrx_word' id='word_1_12' title='bbox 240 447 319 510; x_wconf 87' lang='lat' dir='ltr'><strong>lilius</strong></span> <span class='ocrx_word' id='word_1_13' title='bbox 347 451 413 509; x_wconf 88' lang='lat' dir='ltr'><strong>eius</strong></span> <span class='ocrx_word' id='word_1_14' title='bbox 441 446 581 509; x_wconf 87' lang='lat' dir='ltr'><strong>Claudius</strong></span> <span class='ocrx_word' id='word_1_15' title='bbox 611 449 773 511; x_wconf 82' lang='lat' dir='ltr'>Salmasius</span> <span class='ocrx_word' id='word_1_16' title='bbox 800 454 901 512; x_wconf 90' lang='lat' dir='ltr'><strong>iunior</strong></span> <span class='ocrx_word' id='word_1_17' title='bbox 929 453 1063 530; x_wconf 82' lang='lat' dir='ltr'><strong>possedit</strong></span> <span class='ocrx_word' id='word_1_18' title='bbox 1093 463 1123 514; x_wconf 92' lang='lat' dir='ltr'><strong>et</strong></span> 
     </span>
     <span class='ocr_line' id='line_1_4' title="bbox 158 535 1122 620; baseline 0.005 -22"><span class='ocrx_word' id='word_1_19' title='bbox 158 537 227 598; x_wconf 92' lang='lat' dir='ltr'><strong>inde</strong></span> <span class='ocrx_word' id='word_1_20' title='bbox 251 537 287 598; x_wconf 92' lang='lat' dir='ltr'><strong>ab</strong></span> <span class='ocrx_word' id='word_1_21' title='bbox 312 535 453 618; x_wconf 85' lang='grc'><strong>31661,</strong></span> <span class='ocrx_word' id='word_1_22' title='bbox 478 557 537 617; x_wconf 89' lang='lat' dir='ltr'><strong>quo</strong></span> <span class='ocrx_word' id='word_1_23' title='bbox 561 537 610 597; x_wconf 92' lang='lat' dir='ltr'><strong>ille</strong></span> <span class='ocrx_word' id='word_1_24' title='bbox 634 546 771 600; x_wconf 90' lang='lat' dir='ltr'><strong>mortuus</strong></span> <span class='ocrx_word' id='word_1_25' title='bbox 795 548 854 620; x_wconf 91' lang='lat' dir='ltr'><strong>est,</strong></span> <span class='ocrx_word' id='word_1_26' title='bbox 885 540 906 603; x_wconf 90' lang='grc'><strong>1.</strong></span> <span class='ocrx_word' id='word_1_27' title='bbox 925 540 958 602; x_wconf 89' lang='grc' dir='ltr'><strong>Β.</strong></span> <span class='ocrx_word' id='word_1_28' title='bbox 977 542 1122 603; x_wconf 91' lang='lat' dir='ltr'><strong>Lantinus</strong></span> 
     </span>
     <span class='ocr_line' id='line_1_5' title="bbox 158 626 1122 706; baseline 0.005 -19"><span class='ocrx_word' id='word_1_29' title='bbox 158 627 346 706; x_wconf 82' lang='lat' dir='ltr'>parliamenti</span> <span class='ocrx_word' id='word_1_30' title='bbox 369 626 557 688; x_wconf 79' lang='lat' dir='ltr'><strong>Divionensis</strong></span> <span class='ocrx_word' id='word_1_31' title='bbox 581 629 770 689; x_wconf 79' lang='lat' dir='ltr'><strong>consiliarius</strong></span> <span class='ocrx_word' id='word_1_32' title='bbox 795 628 868 706; x_wconf 90' lang='grc'><strong>[333</strong></span> <span class='ocrx_word' id='word_1_33' title='bbox 887 628 1050 692; x_wconf 82' lang='lat' dir='ltr'><strong>Burmanni</strong></span> <span class='ocrx_word' id='word_1_34' title='bbox 1074 631 1122 692; x_wconf 95' lang='lat' dir='ltr'><strong>ille</strong></span> 
     </span>
     <span class='ocr_line' id='line_1_6' title="bbox 156 715 1121 796; baseline 0.005 -20"><span class='ocrx_word' id='word_1_35' title='bbox 156 716 338 776; x_wconf 87' lang='lat' dir='ltr'><strong>Philibertus</strong></span> <span class='ocrx_word' id='word_1_36' title='bbox 366 715 403 776; x_wconf 94' lang='lat' dir='ltr'><strong>de</strong></span> <span class='ocrx_word' id='word_1_37' title='bbox 431 715 458 777; x_wconf 99' lang='grc'><strong>13</strong></span> <span class='ocrx_word' id='word_1_38' title='bbox 481 715 575 795; x_wconf 90' lang='grc' dir='ltr'><strong>Μ333,</strong></span> <span class='ocrx_word' id='word_1_39' title='bbox 604 718 640 777; x_wconf 88' lang='grc'><strong>31.</strong></span> <span class='ocrx_word' id='word_1_40' title='bbox 665 716 786 796; x_wconf 87' lang='grc'><strong>11311313,</strong></span> <span class='ocrx_word' id='word_1_41' title='bbox 815 717 940 779; x_wconf 88' lang='lat' dir='ltr'><strong>Cabinet</strong></span> <span class='ocrx_word' id='word_1_42' title='bbox 967 720 1020 780; x_wconf 88' lang='lat' dir='ltr'><strong>des</strong></span> <span class='ocrx_word' id='word_1_43' title='bbox 1050 738 1121 781; x_wconf 86' lang='lat' dir='ltr'><strong>mss.</strong></span> 
     </span>
     <span class='ocr_line' id='line_1_7' title="bbox 157 800 1124 889; baseline 0.003 -23"><span class='ocrx_word' id='word_1_44' title='bbox 157 804 194 866; x_wconf 92' lang='lat' dir='ltr'><strong>de</strong></span> <span class='ocrx_word' id='word_1_45' title='bbox 222 805 249 865; x_wconf 91' lang='lat' dir='ltr'><strong>la</strong></span> <span class='ocrx_word' id='word_1_46' title='bbox 278 804 347 867; x_wconf 93' lang='lat' dir='ltr'><strong>bibl.</strong></span> <span class='ocrx_word' id='word_1_47' title='bbox 375 806 444 884; x_wconf 89' lang='lat' dir='ltr'><strong>imp.</strong></span> <span class='ocrx_word' id='word_1_48' title='bbox 470 802 636 885; x_wconf 73' lang='grc'><strong>136233]</strong></span> <span class='ocrx_word' id='word_1_49' title='bbox 666 800 718 889; x_wconf 89' lang='grc'><strong>(31.</strong></span> <span class='ocrx_word' id='word_1_50' title='bbox 746 805 880 886; x_wconf 83' lang='lat' dir='ltr'><strong>Lessing.</strong></span> <span class='ocrx_word' id='word_1_51' title='bbox 908 805 1124 886; x_wconf 74' lang='grc'><strong>333111185</strong></span> 
     </span>
     <span class='ocr_line' id='line_1_8' title="bbox 155 891 1122 980; baseline 0.003 -25"><span class='ocrx_word' id='word_1_52' title='bbox 155 894 276 955; x_wconf 91' lang='lat' dir='ltr'><strong>Laehm.</strong></span> <span class='ocrx_word' id='word_1_53' title='bbox 305 903 334 954; x_wconf 94' lang='lat' dir='ltr'><strong>et</strong></span> <span class='ocrx_word' id='word_1_54' title='bbox 362 893 533 973; x_wconf 89' lang='lat' dir='ltr'><strong>Menagiana</strong></span> <span class='ocrx_word' id='word_1_55' title='bbox 562 903 632 955; x_wconf 90' lang='lat' dir='ltr'><strong>tom.</strong></span> <span class='ocrx_word' id='word_1_56' title='bbox 657 894 697 955; x_wconf 94' lang='lat' dir='ltr'><strong>lll</strong></span> <span class='ocrx_word' id='word_1_57' title='bbox 720 914 748 974; x_wconf 90' lang='lat' dir='ltr'><strong>p.</strong></span> <span class='ocrx_word' id='word_1_58' title='bbox 770 893 812 957; x_wconf 89' lang='grc'><strong>14</strong></span> <span class='ocrx_word' id='word_1_59' title='bbox 839 915 884 975; x_wconf 87' lang='lat' dir='ltr'><strong>ap.</strong></span> <span class='ocrx_word' id='word_1_60' title='bbox 904 896 1006 958; x_wconf 86' lang='lat' dir='ltr'><strong>Bnrm.</strong></span> <span class='ocrx_word' id='word_1_61' title='bbox 1035 896 1053 958; x_wconf 95' lang='grc'><strong>1.</strong></span> <span class='ocrx_word' id='word_1_62' title='bbox 1073 891 1122 980; x_wconf 79' lang='lat' dir='ltr'><strong>e).</strong></span> 
     </span>
     <span class='ocr_line' id='line_1_9' title="bbox 156 982 1123 1062; baseline 0.003 -19"><span class='ocrx_word' id='word_1_63' title='bbox 156 983 211 1044; x_wconf 92' lang='lat' dir='ltr'><strong>Hie</strong></span> <span class='ocrx_word' id='word_1_64' title='bbox 231 983 291 1043; x_wconf 89' lang='lat' dir='ltr'><strong>lilio</strong></span> <span class='ocrx_word' id='word_1_65' title='bbox 310 982 445 1062; x_wconf 88' lang='lat' dir='ltr'><strong>reliquit,</strong></span> <span class='ocrx_word' id='word_1_66' title='bbox 470 985 521 1061; x_wconf 91' lang='lat' dir='ltr'><strong>qui</strong></span> <span class='ocrx_word' id='word_1_67' title='bbox 545 991 575 1043; x_wconf 92' lang='lat' dir='ltr'><strong>et</strong></span> <span class='ocrx_word' id='word_1_68' title='bbox 598 985 629 1044; x_wconf 93' lang='lat' dir='ltr'><strong>in</strong></span> <span class='ocrx_word' id='word_1_69' title='bbox 649 1002 772 1045; x_wconf 92' lang='lat' dir='ltr'><strong>munere</strong></span> <span class='ocrx_word' id='word_1_70' title='bbox 797 986 825 1045; x_wconf 94' lang='lat' dir='ltr'><strong>ei</strong></span> <span class='ocrx_word' id='word_1_71' title='bbox 849 988 1003 1047; x_wconf 86' lang='lat' dir='ltr'><strong>successit.</strong></span> <span class='ocrx_word' id='word_1_72' title='bbox 1043 986 1123 1046; x_wconf 91' lang='lat' dir='ltr'><strong>Man-</strong></span> 
     </span>
     <span class='ocr_line' id='line_1_10' title="bbox 156 1071 1119 1155; baseline 0.004 -23"><span class='ocrx_word' id='word_1_73' title='bbox 156 1076 256 1152; x_wconf 90' lang='lat' dir='ltr'><strong>sitque</strong></span> <span class='ocrx_word' id='word_1_74' title='bbox 276 1073 368 1133; x_wconf 85' lang='lat' dir='ltr'><strong>codex</strong></span> <span class='ocrx_word' id='word_1_75' title='bbox 387 1074 418 1132; x_wconf 91' lang='lat' dir='ltr'><strong>in</strong></span> <span class='ocrx_word' id='word_1_76' title='bbox 439 1072 558 1133; x_wconf 90' lang='lat' dir='ltr'><strong>lamiliis</strong></span> <span class='ocrx_word' id='word_1_77' title='bbox 577 1071 814 1155; x_wconf 77' lang='lat' dir='ltr'><strong>DivionensihuS‚</strong></span> <span class='ocrx_word' id='word_1_78' title='bbox 837 1093 912 1155; x_wconf 91' lang='lat' dir='ltr'><strong>quae</strong></span> <span class='ocrx_word' id='word_1_79' title='bbox 929 1071 966 1135; x_wconf 77' lang='lat' dir='ltr'><strong>‘la</strong></span> <span class='ocrx_word' id='word_1_80' title='bbox 982 1075 1119 1136; x_wconf 93' lang='lat' dir='ltr'><strong>noblesse</strong></span> 
     </span>
     <span class='ocr_line' id='line_1_11' title="bbox 121 1156 1122 1241; baseline 0.005 -20"><span class='ocrx_word' id='word_1_81' title='bbox 121 1176 128 1189; x_wconf 90' lang='lat'><strong>·</strong></span> <span class='ocrx_word' id='word_1_82' title='bbox 157 1162 194 1222; x_wconf 91' lang='lat' dir='ltr'><strong>de</strong></span> <span class='ocrx_word' id='word_1_83' title='bbox 222 1161 249 1222; x_wconf 91' lang='lat' dir='ltr'><strong>la</strong></span> <span class='ocrx_word' id='word_1_84' title='bbox 277 1156 361 1221; x_wconf 88' lang='lat' dir='ltr'><strong>robe&#39;</strong></span> <span class='ocrx_word' id='word_1_85' title='bbox 390 1160 542 1240; x_wconf 82' lang='lat' dir='ltr'><strong>eluebant,</strong></span> <span class='ocrx_word' id='word_1_86' title='bbox 570 1163 596 1222; x_wconf 96' lang='grc'><strong>31</strong></span> <span class='ocrx_word' id='word_1_87' title='bbox 624 1163 745 1241; x_wconf 89' lang='lat' dir='ltr'><strong>quidem</strong></span> <span class='ocrx_word' id='word_1_88' title='bbox 773 1167 861 1224; x_wconf 89' lang='lat' dir='ltr'><strong>etiam</strong></span> <span class='ocrx_word' id='word_1_89' title='bbox 891 1162 1122 1226; x_wconf 80' lang='grc'><strong>311261133-</strong></span> 
     </span>
     <span class='ocr_line' id='line_1_12' title="bbox 158 1248 1121 1331; baseline 0.005 -22"><span class='ocrx_word' id='word_1_90' title='bbox 158 1250 236 1311; x_wconf 83' lang='grc'><strong>311113</strong></span> <span class='ocrx_word' id='word_1_91' title='bbox 256 1249 405 1330; x_wconf 85' lang='lat' dir='ltr'><strong>philologo</strong></span> <span class='ocrx_word' id='word_1_92' title='bbox 425 1249 533 1310; x_wconf 88' lang='lat' dir='ltr'><strong>Batavo</strong></span> <span class='ocrx_word' id='word_1_93' title='bbox 553 1249 675 1311; x_wconf 87' lang='lat' dir='ltr'><strong>Divione</strong></span> <span class='ocrx_word' id='word_1_94' title='bbox 698 1254 729 1311; x_wconf 91' lang='lat' dir='ltr'><strong>in</strong></span> <span class='ocrx_word' id='word_1_95' title='bbox 753 1254 860 1313; x_wconf 88' lang='lat' dir='ltr'><strong>itinere</strong></span> <span class='ocrx_word' id='word_1_96' title='bbox 885 1248 1121 1331; x_wconf 50' lang='grc'><strong>13333333833-</strong></span> 
     </span>
     <span class='ocr_line' id='line_1_13' title="bbox 157 1338 1123 1403; baseline 0.004 -4"><span class='ocrx_word' id='word_1_97' title='bbox 157 1339 261 1401; x_wconf 89' lang='lat' dir='ltr'><strong>herius</strong></span> <span class='ocrx_word' id='word_1_98' title='bbox 276 1347 307 1400; x_wconf 94' lang='lat' dir='ltr'><strong>et</strong></span> <span class='ocrx_word' id='word_1_99' title='bbox 322 1338 577 1400; x_wconf 89' lang='lat' dir='ltr'><strong>senatorBazinus</strong></span> <span class='ocrx_word' id='word_1_100' title='bbox 592 1341 752 1401; x_wconf 89' lang='lat' dir='ltr'><strong>videndum</strong></span> <span class='ocrx_word' id='word_1_101' title='bbox 763 1338 984 1403; x_wconf 84' lang='lat' dir='ltr'><strong>exhibuerunt&#39;.</strong></span> <span class='ocrx_word' id='word_1_102' title='bbox 1000 1342 1123 1403; x_wconf 86' lang='lat' dir='ltr'><strong>Parisiis</strong></span> 
     </span>
     <span class='ocr_line' id='line_1_14' title="bbox 156 1427 1120 1509; baseline 0.001 -19"><span class='ocrx_word' id='word_1_103' title='bbox 156 1448 226 1490; x_wconf 90' lang='lat' dir='ltr'><strong>cum</strong></span> <span class='ocrx_word' id='word_1_104' title='bbox 255 1428 386 1489; x_wconf 91' lang='lat' dir='ltr'><strong>nondum</strong></span> <span class='ocrx_word' id='word_1_105' title='bbox 415 1429 505 1489; x_wconf 91' lang='grc'><strong>133311</strong></span> <span class='ocrx_word' id='word_1_106' title='bbox 534 1448 611 1489; x_wconf 88' lang='grc'><strong>3333</strong></span> <span class='ocrx_word' id='word_1_107' title='bbox 641 1427 738 1502; x_wconf 81' lang='grc'><strong>1744,</strong></span> <span class='ocrx_word' id='word_1_108' title='bbox 766 1449 825 1509; x_wconf 91' lang='lat' dir='ltr'><strong>quo</strong></span> <span class='ocrx_word' id='word_1_109' title='bbox 854 1430 986 1509; x_wconf 88' lang='lat' dir='ltr'><strong>catalogo</strong></span> <span class='ocrx_word' id='word_1_110' title='bbox 1016 1430 1120 1491; x_wconf 90' lang='lat' dir='ltr'><strong>biblio-</strong></span> 
     </span>
     <span class='ocr_line' id='line_1_15' title="bbox 157 1518 1122 1599; baseline 0.001 -20"><span class='ocrx_word' id='word_1_111' title='bbox 157 1518 261 1579; x_wconf 88' lang='lat' dir='ltr'><strong>thecae</strong></span> <span class='ocrx_word' id='word_1_112' title='bbox 281 1521 381 1597; x_wconf 89' lang='lat' dir='ltr'><strong>regiae</strong></span> <span class='ocrx_word' id='word_1_113' title='bbox 401 1519 465 1578; x_wconf 91' lang='lat' dir='ltr'><strong>sine</strong></span> <span class='ocrx_word' id='word_1_114' title='bbox 484 1520 549 1578; x_wconf 91' lang='lat' dir='ltr'><strong>eius</strong></span> <span class='ocrx_word' id='word_1_115' title='bbox 573 1521 854 1579; x_wconf 74' lang='lat' dir='ltr'><strong>commemoratione</strong></span> <span class='ocrx_word' id='word_1_116' title='bbox 877 1520 943 1580; x_wconf 86' lang='lat' dir='ltr'><strong>finis</strong></span> <span class='ocrx_word' id='word_1_117' title='bbox 963 1522 1122 1599; x_wconf 89' lang='lat' dir='ltr'><strong>impositus</strong></span> 
     </span>
     <span class='ocr_line' id='line_1_16' title="bbox 157 1602 1123 1686; baseline 0 -18"><span class='ocrx_word' id='word_1_118' title='bbox 157 1617 212 1686; x_wconf 89' lang='lat' dir='ltr'><strong>est,</strong></span> <span class='ocrx_word' id='word_1_119' title='bbox 236 1607 279 1667; x_wconf 90' lang='lat' dir='ltr'><strong>ibi</strong></span> <span class='ocrx_word' id='word_1_120' title='bbox 297 1616 362 1667; x_wconf 91' lang='lat' dir='ltr'><strong>erat</strong></span> <span class='ocrx_word' id='word_1_121' title='bbox 381 1626 405 1667; x_wconf 91' lang='lat' dir='ltr'><strong>a.</strong></span> <span class='ocrx_word' id='word_1_122' title='bbox 426 1602 525 1686; x_wconf 79' lang='lat'>17563</span> <span class='ocrx_word' id='word_1_123' title='bbox 549 1617 621 1668; x_wconf 90' lang='lat' dir='ltr'><strong>tunc</strong></span> <span class='ocrx_word' id='word_1_124' title='bbox 641 1610 720 1668; x_wconf 91' lang='lat' dir='ltr'><strong>enim</strong></span> <span class='ocrx_word' id='word_1_125' title='bbox 740 1607 937 1668; x_wconf 85' lang='lat' dir='ltr'><strong>Ruhnkenius</strong></span> <span class='ocrx_word' id='word_1_126' title='bbox 959 1608 1123 1670; x_wconf 90' lang='lat' dir='ltr'><strong>Burmanni</strong></span> 
     </span>
     <span class='ocr_line' id='line_1_17' title="bbox 156 1695 1121 1776; baseline 0.002 -20"><span class='ocrx_word' id='word_1_127' title='bbox 156 1698 250 1776; x_wconf 88' lang='lat' dir='ltr'><strong>gratia</strong></span> <span class='ocrx_word' id='word_1_128' title='bbox 270 1696 362 1757; x_wconf 89' lang='lat' dir='ltr'><strong>multa</strong></span> <span class='ocrx_word' id='word_1_129' title='bbox 381 1699 412 1756; x_wconf 93' lang='lat' dir='ltr'><strong>in</strong></span> <span class='ocrx_word' id='word_1_130' title='bbox 432 1695 546 1756; x_wconf 91' lang='lat' dir='ltr'><strong>Heinsii</strong></span> <span class='ocrx_word' id='word_1_131' title='bbox 565 1697 734 1775; x_wconf 84' lang='lat' dir='ltr'><strong>apographo</strong></span> <span class='ocrx_word' id='word_1_132' title='bbox 754 1699 863 1758; x_wconf 86' lang='lat' dir='ltr'><strong>omissa</strong></span> <span class='ocrx_word' id='word_1_133' title='bbox 882 1697 1005 1757; x_wconf 89' lang='lat' dir='ltr'><strong>Parisiis</strong></span> <span class='ocrx_word' id='word_1_134' title='bbox 1025 1717 1060 1758; x_wconf 90' lang='grc'><strong>33</strong></span> <span class='ocrx_word' id='word_1_135' title='bbox 1086 1716 1121 1758; x_wconf 87' lang='grc'><strong>33</strong></span> 
     </span>
     <span class='ocr_line' id='line_1_18' title="bbox 157 1782 1121 1866; baseline 0.001 -20"><span class='ocrx_word' id='word_1_136' title='bbox 157 1785 317 1865; x_wconf 82' lang='lat' dir='ltr'><strong>descripsit</strong></span> <span class='ocrx_word' id='word_1_137' title='bbox 341 1793 372 1846; x_wconf 93' lang='lat' dir='ltr'><strong>et</strong></span> <span class='ocrx_word' id='word_1_138' title='bbox 395 1785 562 1865; x_wconf 88' lang='lat' dir='ltr'><strong>apographo</strong></span> <span class='ocrx_word' id='word_1_139' title='bbox 587 1805 641 1848; x_wconf 93' lang='lat' dir='ltr'><strong>suo</strong></span> <span class='ocrx_word' id='word_1_140' title='bbox 666 1786 791 1847; x_wconf 80' lang='lat' dir='ltr'><strong>addidit:</strong></span> <span class='ocrx_word' id='word_1_141' title='bbox 824 1782 938 1866; x_wconf 69' lang='lat' dir='ltr'><strong>‘nuper</strong></span> <span class='ocrx_word' id='word_1_142' title='bbox 961 1787 1121 1847; x_wconf 90' lang='lat' dir='ltr'><strong>admodum</strong></span> 
     </span>
     <span class='ocr_line' id='line_1_19' title="bbox 157 1871 1122 1955; baseline 0.002 -21"><span class='ocrx_word' id='word_1_143' title='bbox 157 1893 173 1934; x_wconf 93' lang='lat' dir='ltr'><strong>a</strong></span> <span class='ocrx_word' id='word_1_144' title='bbox 190 1874 325 1936; x_wconf 89' lang='lat' dir='ltr'><strong>Salmasii</strong></span> <span class='ocrx_word' id='word_1_145' title='bbox 339 1874 500 1934; x_wconf 88' lang='lat' dir='ltr'><strong>heredibus</strong></span> <span class='ocrx_word' id='word_1_146' title='bbox 514 1877 545 1935; x_wconf 94' lang='lat' dir='ltr'><strong>in</strong></span> <span class='ocrx_word' id='word_1_147' title='bbox 560 1874 732 1954; x_wconf 81' lang='lat' dir='ltr'><strong>Burgundio</strong></span> <span class='ocrx_word' id='word_1_148' title='bbox 748 1871 887 1955; x_wconf 86' lang='lat' dir='ltr'><strong>emptus&#39;.</strong></span> <span class='ocrx_word' id='word_1_149' title='bbox 918 1874 974 1953; x_wconf 76' lang='lat' dir='ltr'><strong>[dt.</strong></span> <span class='ocrx_word' id='word_1_150' title='bbox 989 1876 1122 1937; x_wconf 89' lang='lat' dir='ltr'><strong>Boissier</strong></span> 
     </span>
     <span class='ocr_line' id='line_1_20' title="bbox 158 1961 1120 2044; baseline 0.003 -21"><span class='ocrx_word' id='word_1_151' title='bbox 158 1963 176 2024; x_wconf 95' lang='lat' dir='ltr'><strong>l.</strong></span> <span class='ocrx_word' id='word_1_152' title='bbox 200 1983 226 2025; x_wconf 92' lang='grc'><strong>3.</strong></span> <span class='ocrx_word' id='word_1_153' title='bbox 254 1963 378 2044; x_wconf 84' lang='grc'><strong>11311313,</strong></span> <span class='ocrx_word' id='word_1_154' title='bbox 411 1963 429 2024; x_wconf 95' lang='lat' dir='ltr'><strong>l.</strong></span> <span class='ocrx_word' id='word_1_155' title='bbox 453 1983 478 2024; x_wconf 92' lang='lat' dir='ltr'><strong>c.</strong></span> <span class='ocrx_word' id='word_1_156' title='bbox 502 1961 590 2041; x_wconf 81' lang='grc'><strong>426]</strong></span> <span class='ocrx_word' id='word_1_157' title='bbox 638 1964 697 2024; x_wconf 89' lang='grc' dir='ltr'><strong>Ρ33</strong></span> <span class='ocrx_word' id='word_1_158' title='bbox 725 1964 877 2025; x_wconf 89' lang='lat' dir='ltr'><strong>saeculum</strong></span> <span class='ocrx_word' id='word_1_159' title='bbox 905 1965 968 2025; x_wconf 88' lang='lat' dir='ltr'><strong>fere</strong></span> <span class='ocrx_word' id='word_1_160' title='bbox 998 1965 1120 2026; x_wconf 88' lang='grc'><strong>11131333</strong></span> 
     </span>
     <span class='ocr_line' id='line_1_21' title="bbox 158 2048 1124 2133; baseline 0.003 -21"><span class='ocrx_word' id='word_1_161' title='bbox 158 2054 256 2113; x_wconf 87' lang='grc'><strong>133331</strong></span> <span class='ocrx_word' id='word_1_162' title='bbox 284 2053 391 2133; x_wconf 78' lang='grc'><strong>331133;</strong></span> <span class='ocrx_word' id='word_1_163' title='bbox 419 2052 488 2113; x_wconf 91' lang='lat' dir='ltr'><strong>inde</strong></span> <span class='ocrx_word' id='word_1_164' title='bbox 513 2048 724 2113; x_wconf 66' lang='lat' dir='ltr'><strong>‘Divionensis&#39;</strong></span> <span class='ocrx_word' id='word_1_165' title='bbox 753 2072 813 2114; x_wconf 93' lang='lat' dir='ltr'><strong>non</strong></span> <span class='ocrx_word' id='word_1_166' title='bbox 840 2071 908 2113; x_wconf 87' lang='grc'><strong>3333</strong></span> <span class='ocrx_word' id='word_1_167' title='bbox 940 2063 1010 2116; x_wconf 89' lang='grc'><strong>1333</strong></span> <span class='ocrx_word' id='word_1_168' title='bbox 1039 2073 1124 2133; x_wconf 86' lang='lat' dir='ltr'><strong>prae·</strong></span> 
     </span>
     <span class='ocr_line' id='line_1_22' title="bbox 159 2137 1126 2224; baseline 0.001 -22"><span class='ocrx_word' id='word_1_169' title='bbox 159 2146 247 2220; x_wconf 91' lang='lat' dir='ltr'><strong>cipue</strong></span> <span class='ocrx_word' id='word_1_170' title='bbox 276 2141 494 2202; x_wconf 91' lang='lat' dir='ltr'><strong>nominabatur.</strong></span> <span class='ocrx_word' id='word_1_171' title='bbox 540 2141 636 2202; x_wconf 85' lang='lat' dir='ltr'><strong>Etiam</strong></span> <span class='ocrx_word' id='word_1_172' title='bbox 666 2137 805 2203; x_wconf 75' lang='lat' dir='ltr'><strong>‘schedae</strong></span> <span class='ocrx_word' id='word_1_173' title='bbox 835 2138 1054 2224; x_wconf 84' lang='lat' dir='ltr'><strong>Divionenses’‚</strong></span> <span class='ocrx_word' id='word_1_174' title='bbox 1089 2143 1126 2204; x_wconf 94' lang='lat' dir='ltr'><strong>de</strong></span> 
     </span>
     <span class='ocr_line' id='line_1_23' title="bbox 158 2230 1125 2312; baseline 0.002 -21"><span class='ocrx_word' id='word_1_175' title='bbox 158 2231 269 2309; x_wconf 83' lang='lat' dir='ltr'><strong>quihus</strong></span> <span class='ocrx_word' id='word_1_176' title='bbox 302 2248 386 2309; x_wconf 89' lang='lat' dir='ltr'><strong>agam</strong></span> <span class='ocrx_word' id='word_1_177' title='bbox 417 2232 507 2312; x_wconf 89' lang='grc'><strong>13133,</strong></span> <span class='ocrx_word' id='word_1_178' title='bbox 540 2250 574 2292; x_wconf 91' lang='grc'><strong>33</strong></span> <span class='ocrx_word' id='word_1_179' title='bbox 608 2230 727 2292; x_wconf 89' lang='lat' dir='ltr'><strong>saeculo</strong></span> <span class='ocrx_word' id='word_1_180' title='bbox 761 2251 797 2293; x_wconf 91' lang='grc'><strong>33</strong></span> <span class='ocrx_word' id='word_1_181' title='bbox 825 2232 928 2292; x_wconf 92' lang='lat' dir='ltr'><strong>codiee</strong></span> <span class='ocrx_word' id='word_1_182' title='bbox 957 2231 1125 2311; x_wconf 86' lang='lat' dir='ltr'><strong>descriptae</strong></span> 
     </span>
     <span class='ocr_line' id='line_1_24' title="bbox 159 2319 1125 2399; baseline 0.001 -19"><span class='ocrx_word' id='word_1_183' title='bbox 159 2330 238 2380; x_wconf 89' lang='lat' dir='ltr'><strong>sunt.</strong></span> <span class='ocrx_word' id='word_1_184' title='bbox 289 2320 360 2380; x_wconf 88' lang='lat' dir='ltr'><strong>Inde</strong></span> <span class='ocrx_word' id='word_1_185' title='bbox 394 2331 493 2380; x_wconf 88' lang='lat' dir='ltr'><strong>autem</strong></span> <span class='ocrx_word' id='word_1_186' title='bbox 521 2323 551 2380; x_wconf 91' lang='lat' dir='ltr'><strong>in</strong></span> <span class='ocrx_word' id='word_1_187' title='bbox 581 2319 715 2379; x_wconf 88' lang='lat' dir='ltr'><strong>Parisina</strong></span> <span class='ocrx_word' id='word_1_188' title='bbox 744 2323 802 2380; x_wconf 92' lang='lat' dir='ltr'><strong>iam</strong></span> <span class='ocrx_word' id='word_1_189' title='bbox 832 2319 1010 2381; x_wconf 89' lang='lat' dir='ltr'><strong>bibliotheca</strong></span> <span class='ocrx_word' id='word_1_190' title='bbox 1036 2328 1125 2399; x_wconf 89' lang='grc'><strong>33131,</strong></span> 
     </span>
     <span class='ocr_line' id='line_1_25' title="bbox 159 2404 1125 2488; baseline 0.002 -19"><span class='ocrx_word' id='word_1_191' title='bbox 159 2427 285 2469; x_wconf 87' lang='lat' dir='ltr'><strong>numero</strong></span> <span class='ocrx_word' id='word_1_192' title='bbox 322 2408 391 2469; x_wconf 92' lang='lat' dir='ltr'><strong>olim</strong></span> <span class='ocrx_word' id='word_1_193' title='bbox 426 2404 491 2470; x_wconf 83' lang='grc'><strong>685</strong></span> <span class='ocrx_word' id='word_1_194' title='bbox 524 2408 725 2488; x_wconf 91' lang='lat' dir='ltr'><strong>supplementi</strong></span> <span class='ocrx_word' id='word_1_195' title='bbox 752 2409 868 2488; x_wconf 83' lang='lat' dir='ltr'><strong>Latini,</strong></span> <span class='ocrx_word' id='word_1_196' title='bbox 900 2426 980 2468; x_wconf 93' lang='lat' dir='ltr'><strong>nunc</strong></span> <span class='ocrx_word' id='word_1_197' title='bbox 1018 2407 1125 2471; x_wconf 85' lang='grc'><strong>10318</strong></span> 
     </span>
     <span class='ocr_line' id='line_1_26' title="bbox 159 2496 1122 2576; baseline -0.001 -17"><span class='ocrx_word' id='word_1_198' title='bbox 159 2501 252 2559; x_wconf 90' lang='grc'><strong>131133</strong></span> <span class='ocrx_word' id='word_1_199' title='bbox 282 2499 367 2558; x_wconf 76' lang='grc'><strong>133311</strong></span> <span class='ocrx_word' id='word_1_200' title='bbox 395 2497 492 2558; x_wconf 91' lang='lat' dir='ltr'><strong>Latini</strong></span> <span class='ocrx_word' id='word_1_201' title='bbox 521 2501 662 2576; x_wconf 83' lang='lat' dir='ltr'><strong>signatus.</strong></span> <span class='ocrx_word' id='word_1_202' title='bbox 711 2496 847 2575; x_wconf 89' lang='lat' dir='ltr'><strong>[Librum</strong></span> <span class='ocrx_word' id='word_1_203' title='bbox 871 2499 1122 2576; x_wconf 89' lang='lat' dir='ltr'><strong>pretiosissimum</strong></span> 
     </span>
     <span class='ocr_line' id='line_1_27' title="bbox 158 2581 1124 2668; baseline 0.002 -23"><span class='ocrx_word' id='word_1_204' title='bbox 158 2583 443 2668; x_wconf 83' lang='grc'><strong>333131131865,</strong></span> <span class='ocrx_word' id='word_1_205' title='bbox 468 2586 613 2666; x_wconf 87' lang='lat' dir='ltr'><strong>quaedam</strong></span> <span class='ocrx_word' id='word_1_206' title='bbox 636 2588 746 2646; x_wconf 90' lang='lat' dir='ltr'><strong>iterum</strong></span> <span class='ocrx_word' id='word_1_207' title='bbox 770 2588 886 2664; x_wconf 79' lang='lat' dir='ltr'><strong>inspexi</strong></span> <span class='ocrx_word' id='word_1_208' title='bbox 911 2604 935 2646; x_wconf 90' lang='lat' dir='ltr'><strong>a.</strong></span> <span class='ocrx_word' id='word_1_209' title='bbox 957 2581 1053 2648; x_wconf 87' lang='grc'><strong>1869.</strong></span> <span class='ocrx_word' id='word_1_210' title='bbox 1091 2586 1124 2647; x_wconf 94' lang='grc'><strong>13</strong></span> 
     </span>
     <span class='ocr_line' id='line_1_28' title="bbox 159 2674 1125 2756; baseline 0.001 -21"><span class='ocrx_word' id='word_1_211' title='bbox 159 2675 362 2737; x_wconf 88' lang='lat' dir='ltr'><strong>Studemundi</strong></span> <span class='ocrx_word' id='word_1_212' title='bbox 394 2676 556 2754; x_wconf 81' lang='lat' dir='ltr'><strong>exemplari</strong></span> <span class='ocrx_word' id='word_1_213' title='bbox 588 2674 773 2753; x_wconf 86' lang='lat' dir='ltr'><strong>anthologiae</strong></span> <span class='ocrx_word' id='word_1_214' title='bbox 805 2674 1060 2756; x_wconf 83' lang='lat' dir='ltr'><strong>Burmannianae,</strong></span> <span class='ocrx_word' id='word_1_215' title='bbox 1093 2680 1125 2736; x_wconf 93' lang='grc'><strong>13</strong></span> 
     </span>
     <span class='ocr_line' id='line_1_29' title="bbox 159 2763 1125 2845; baseline 0 -20"><span class='ocrx_word' id='word_1_216' title='bbox 159 2768 247 2825; x_wconf 91' lang='lat' dir='ltr'><strong>euius</strong></span> <span class='ocrx_word' id='word_1_217' title='bbox 275 2767 408 2844; x_wconf 81' lang='lat' dir='ltr'><strong>margine</strong></span> <span class='ocrx_word' id='word_1_218' title='bbox 437 2765 543 2826; x_wconf 91' lang='lat' dir='ltr'><strong>doetus</strong></span> <span class='ocrx_word' id='word_1_219' title='bbox 571 2768 765 2843; x_wconf 89' lang='lat' dir='ltr'><strong>nescioquis</strong></span> <span class='ocrx_word' id='word_1_220' title='bbox 790 2763 977 2825; x_wconf 89' lang='lat' dir='ltr'><strong>collationem</strong></span> <span class='ocrx_word' id='word_1_221' title='bbox 1002 2764 1125 2845; x_wconf 89' lang='lat' dir='ltr'><strong>addidit,</strong></span> 
     </span>
     <span class='ocr_line' id='line_1_30' title="bbox 158 2852 1126 2934; baseline 0 -20"><span class='ocrx_word' id='word_1_222' title='bbox 158 2872 229 2914; x_wconf 87' lang='lat' dir='ltr'><strong>eum</strong></span> <span class='ocrx_word' id='word_1_223' title='bbox 258 2853 403 2934; x_wconf 89' lang='lat' dir='ltr'><strong>quaedam</strong></span> <span class='ocrx_word' id='word_1_224' title='bbox 430 2873 446 2914; x_wconf 94' lang='lat' dir='ltr'><strong>a</strong></span> <span class='ocrx_word' id='word_1_225' title='bbox 475 2873 539 2914; x_wconf 91' lang='lat' dir='ltr'><strong>mea</strong></span> <span class='ocrx_word' id='word_1_226' title='bbox 569 2852 725 2914; x_wconf 87' lang='lat' dir='ltr'><strong>collatione</strong></span> <span class='ocrx_word' id='word_1_227' title='bbox 749 2855 919 2932; x_wconf 89' lang='lat' dir='ltr'><strong>discrepare</strong></span> <span class='ocrx_word' id='word_1_228' title='bbox 944 2855 1126 2914; x_wconf 88' lang='lat' dir='ltr'><strong>animadver-</strong></span> 
     </span>
     <span class='ocr_line' id='line_1_31' title="bbox 161 2942 1127 3023; baseline 0.001 -21"><span class='ocrx_word' id='word_1_229' title='bbox 161 2945 273 3023; x_wconf 86' lang='lat' dir='ltr'><strong>tissem,</strong></span> <span class='ocrx_word' id='word_1_230' title='bbox 305 2942 342 3003; x_wconf 88' lang='lat' dir='ltr'><strong>M.</strong></span> <span class='ocrx_word' id='word_1_231' title='bbox 366 2943 519 3004; x_wconf 91' lang='lat' dir='ltr'><strong>Bonnetus</strong></span> <span class='ocrx_word' id='word_1_232' title='bbox 543 2961 559 3003; x_wconf 95' lang='lat' dir='ltr'><strong>a</strong></span> <span class='ocrx_word' id='word_1_233' title='bbox 583 2962 630 3002; x_wconf 92' lang='lat' dir='ltr'><strong>me</strong></span> <span class='ocrx_word' id='word_1_234' title='bbox 654 2951 774 3021; x_wconf 87' lang='lat' dir='ltr'><strong>rogatus</strong></span> <span class='ocrx_word' id='word_1_235' title='bbox 798 2943 931 3003; x_wconf 86' lang='lat' dir='ltr'><strong>officiose</strong></span> <span class='ocrx_word' id='word_1_236' title='bbox 956 2952 989 3003; x_wconf 94' lang='lat' dir='ltr'><strong>ut</strong></span> <span class='ocrx_word' id='word_1_237' title='bbox 1013 2942 1127 3004; x_wconf 91' lang='lat' dir='ltr'><strong>adsolet</strong></span> 
     </span>
     <span class='ocr_line' id='line_1_32' title="bbox 160 3032 1128 3111; baseline 0.001 -20"><span class='ocrx_word' id='word_1_238' title='bbox 160 3032 215 3092; x_wconf 89' lang='lat' dir='ltr'><strong>hos</strong></span> <span class='ocrx_word' id='word_1_239' title='bbox 244 3032 357 3093; x_wconf 88' lang='lat' dir='ltr'><strong>codicis</strong></span> <span class='ocrx_word' id='word_1_240' title='bbox 387 3032 468 3092; x_wconf 89' lang='lat' dir='ltr'><strong>locos</strong></span> <span class='ocrx_word' id='word_1_241' title='bbox 498 3035 608 3093; x_wconf 90' lang='lat' dir='ltr'><strong>iterum</strong></span> <span class='ocrx_word' id='word_1_242' title='bbox 637 3032 772 3093; x_wconf 90' lang='lat' dir='ltr'><strong>eontulit.</strong></span> <span class='ocrx_word' id='word_1_243' title='bbox 818 3032 902 3092; x_wconf 88' lang='lat' dir='ltr'><strong>Unde</strong></span> <span class='ocrx_word' id='word_1_244' title='bbox 931 3050 1007 3111; x_wconf 86' lang='lat' dir='ltr'><strong>quae</strong></span> <span class='ocrx_word' id='word_1_245' title='bbox 1041 3051 1056 3092; x_wconf 93' lang='lat' dir='ltr'><strong>a</strong></span> <span class='ocrx_word' id='word_1_246' title='bbox 1080 3050 1128 3092; x_wconf 92' lang='lat' dir='ltr'><strong>me</strong></span> 
     </span>
     <span class='ocr_line' id='line_1_33' title="bbox 161 3119 1126 3201; baseline 0.003 -21"><span class='ocrx_word' id='word_1_247' title='bbox 161 3131 259 3182; x_wconf 88' lang='lat' dir='ltr'><strong>errata</strong></span> <span class='ocrx_word' id='word_1_248' title='bbox 282 3140 348 3182; x_wconf 87' lang='lat' dir='ltr'><strong>esse</strong></span> <span class='ocrx_word' id='word_1_249' title='bbox 373 3140 433 3181; x_wconf 91' lang='lat' dir='ltr'><strong>non</strong></span> <span class='ocrx_word' id='word_1_250' title='bbox 457 3120 549 3182; x_wconf 92' lang='lat' dir='ltr'><strong>multa</strong></span> <span class='ocrx_word' id='word_1_251' title='bbox 574 3121 674 3201; x_wconf 83' lang='lat' dir='ltr'><strong>didici,</strong></span> <span class='ocrx_word' id='word_1_252' title='bbox 700 3139 734 3181; x_wconf 87' lang='lat' dir='ltr'><strong>ea</strong></span> <span class='ocrx_word' id='word_1_253' title='bbox 757 3123 788 3180; x_wconf 93' lang='grc'><strong>13</strong></span> <span class='ocrx_word' id='word_1_254' title='bbox 812 3139 879 3181; x_wconf 92' lang='grc'><strong>333.</strong></span> <span class='ocrx_word' id='word_1_255' title='bbox 903 3120 1004 3200; x_wconf 88' lang='lat' dir='ltr'><strong>philol.</strong></span> <span class='ocrx_word' id='word_1_256' title='bbox 1031 3119 1126 3201; x_wconf 88' lang='grc'><strong>1880,</strong></span> 
     </span>
    </p>
   </div>
   <div class='ocr_carea' id='block_1_3' title="bbox 160 3288 1130 3649">
    <p class='ocr_par' dir='ltr' id='par_1_3' title="bbox 160 3288 1130 3649">
     <span class='ocr_line' id='line_1_34' title="bbox 161 3288 1128 3361; baseline -0.001 -16"><span class='ocrx_word' id='word_1_257' title='bbox 161 3292 305 3361; x_wconf 87' lang='lat' dir='ltr'><strong>scriptum.</strong></span> <span class='ocrx_word' id='word_1_258' title='bbox 354 3291 465 3346; x_wconf 88' lang='lat' dir='ltr'><strong>Pithoei</strong></span> <span class='ocrx_word' id='word_1_259' title='bbox 498 3290 526 3345; x_wconf 90' lang='lat' dir='ltr'><strong>in</strong></span> <span class='ocrx_word' id='word_1_260' title='bbox 561 3308 630 3346; x_wconf 88' lang='lat' dir='ltr'><strong>suae</strong></span> <span class='ocrx_word' id='word_1_261' title='bbox 658 3291 790 3345; x_wconf 85' lang='lat' dir='ltr'><strong>editionis</strong></span> <span class='ocrx_word' id='word_1_262' title='bbox 819 3290 973 3359; x_wconf 83' lang='lat' dir='ltr'><strong>exemplari</strong></span> <span class='ocrx_word' id='word_1_263' title='bbox 1001 3291 1037 3343; x_wconf 85' lang='lat' dir='ltr'><strong>ab</strong></span> <span class='ocrx_word' id='word_1_264' title='bbox 1065 3288 1128 3359; x_wconf 87' lang='lat' dir='ltr'><strong>ipso</strong></span> 
     </span>
     <span class='ocr_line' id='line_1_35' title="bbox 161 3361 1128 3433; baseline -0.002 -17"><span class='ocrx_word' id='word_1_265' title='bbox 161 3363 269 3433; x_wconf 80' lang='lat' dir='ltr'><strong>scripta</strong></span> <span class='ocrx_word' id='word_1_266' title='bbox 288 3363 420 3418; x_wconf 87' lang='lat' dir='ltr'><strong>addenda</strong></span> <span class='ocrx_word' id='word_1_267' title='bbox 439 3368 468 3418; x_wconf 88' lang='grc'><strong>31</strong></span> <span class='ocrx_word' id='word_1_268' title='bbox 487 3362 653 3432; x_wconf 83' lang='lat' dir='ltr'><strong>corrigenda</strong></span> <span class='ocrx_word' id='word_1_269' title='bbox 667 3362 815 3432; x_wconf 85' lang='lat' dir='ltr'><strong>permulta..</strong></span> <span class='ocrx_word' id='word_1_270' title='bbox 851 3362 922 3415; x_wconf 92' lang='lat' dir='ltr'><strong>Item</strong></span> <span class='ocrx_word' id='word_1_271' title='bbox 938 3361 974 3414; x_wconf 87' lang='lat' dir='ltr'><strong>ab</strong></span> <span class='ocrx_word' id='word_1_272' title='bbox 989 3377 1128 3429; x_wconf 83' lang='lat' dir='ltr'><strong>anonymo</strong></span> 
     </span>
     <span class='ocr_line' id='line_1_36' title="bbox 160 3431 1128 3504; baseline -0.001 -17"><span class='ocrx_word' id='word_1_273' title='bbox 160 3434 192 3488; x_wconf 88' lang='lat' dir='ltr'><strong>in</strong></span> <span class='ocrx_word' id='word_1_274' title='bbox 211 3435 367 3504; x_wconf 83' lang='lat' dir='ltr'><strong>exemplari</strong></span> <span class='ocrx_word' id='word_1_275' title='bbox 384 3434 576 3490; x_wconf 83' lang='lat' dir='ltr'><strong>bibliothecae</strong></span> <span class='ocrx_word' id='word_1_276' title='bbox 595 3435 748 3489; x_wconf 83' lang='lat' dir='ltr'><strong>Rohaneae</strong></span> <span class='ocrx_word' id='word_1_277' title='bbox 770 3433 883 3502; x_wconf 83' lang='lat' dir='ltr'><strong>scripta.</strong></span> <span class='ocrx_word' id='word_1_278' title='bbox 920 3431 1049 3500; x_wconf 89' lang='lat' dir='ltr'><strong>Denique</strong></span> <span class='ocrx_word' id='word_1_279' title='bbox 1068 3449 1128 3486; x_wconf 83' lang='grc'><strong>333·</strong></span> 
     </span>
     <span class='ocr_line' id='line_1_37' title="bbox 161 3502 1130 3576; baseline -0.002 -17"><span class='ocrx_word' id='word_1_280' title='bbox 161 3522 227 3559; x_wconf 91' lang='lat' dir='ltr'><strong>men</strong></span> <span class='ocrx_word' id='word_1_281' title='bbox 245 3523 354 3576; x_wconf 85' lang='lat' dir='ltr'><strong>recens,</strong></span> <span class='ocrx_word' id='word_1_282' title='bbox 379 3508 414 3560; x_wconf 91' lang='lat' dir='ltr'><strong>de</strong></span> <span class='ocrx_word' id='word_1_283' title='bbox 438 3524 493 3576; x_wconf 91' lang='lat' dir='ltr'><strong>quo</strong></span> <span class='ocrx_word' id='word_1_284' title='bbox 517 3507 551 3563; x_wconf 88' lang='lat' dir='ltr'><strong>cf.</strong></span> <span class='ocrx_word' id='word_1_285' title='bbox 571 3507 665 3560; x_wconf 86' lang='lat' dir='ltr'><strong>Burm.</strong></span> <span class='ocrx_word' id='word_1_286' title='bbox 685 3508 752 3558; x_wconf 88' lang='lat' dir='ltr'><strong>tom.</strong></span> <span class='ocrx_word' id='word_1_287' title='bbox 767 3505 793 3558; x_wconf 93' lang='grc' dir='ltr'>Π</span> <span class='ocrx_word' id='word_1_288' title='bbox 812 3522 840 3573; x_wconf 88' lang='lat' dir='ltr'><strong>p.</strong></span> <span class='ocrx_word' id='word_1_289' title='bbox 855 3508 919 3573; x_wconf 86' lang='grc'><strong>384,</strong></span> <span class='ocrx_word' id='word_1_290' title='bbox 944 3503 1004 3558; x_wconf 86' lang='grc'><strong>3133</strong></span> <span class='ocrx_word' id='word_1_291' title='bbox 1023 3502 1072 3573; x_wconf 83' lang='grc'><strong>331</strong></span> <span class='ocrx_word' id='word_1_292' title='bbox 1092 3503 1130 3557; x_wconf 86' lang='lat' dir='ltr'><strong>ad</strong></span> 
     </span>
     <span class='ocr_line' id='line_1_38' title="bbox 161 3577 652 3649; baseline 0.006 -20"><span class='ocrx_word' id='word_1_293' title='bbox 161 3577 289 3646; x_wconf 86' lang='lat' dir='ltr'><strong>Lipsium</strong></span> <span class='ocrx_word' id='word_1_294' title='bbox 306 3578 385 3633; x_wconf 81' lang='lat' dir='ltr'><strong>misit</strong></span> <span class='ocrx_word' id='word_1_295' title='bbox 403 3596 490 3633; x_wconf 84' lang='lat' dir='ltr'><strong>manu</strong></span> <span class='ocrx_word' id='word_1_296' title='bbox 509 3579 652 3649; x_wconf 84' lang='lat' dir='ltr'><strong>scriptum.</strong></span> 
     </span>
    </p>
   </div>
   <div class='ocr_carea' id='block_1_4' title="bbox 217 3663 968 3719">
    <p class='ocr_par' dir='ltr' id='par_1_4' title="bbox 217 3663 968 3719">
     <span class='ocr_line' id='line_1_39' title="bbox 217 3663 968 3719; baseline 0.001 -2"><span class='ocrx_word' id='word_1_297' title='bbox 217 3677 306 3718; x_wconf 81' lang='lat' dir='ltr'><strong>Anthol</strong></span> <span class='ocrx_word' id='word_1_298' title='bbox 326 3677 367 3719; x_wconf 83' lang='lat' dir='ltr'><strong>lat.</strong></span> <span class='ocrx_word' id='word_1_299' title='bbox 384 3679 403 3718; x_wconf 90' lang='lat' dir='ltr'>L</span> <span class='ocrx_word' id='word_1_300' title='bbox 950 3663 968 3718; x_wconf 87' lang='lat' dir='ltr'><strong>b</strong></span> 
     </span>
    </p>
   </div>
   <div class='ocr_carea' id='block_1_5' title="bbox 0 0 1333 3920">
    <p class='ocr_par' dir='ltr' id='par_1_5' title="bbox 0 0 1333 3920">
     <span class='ocr_line' id='line_1_40' title="bbox 0 0 1333 3920; baseline 0 0"><span class='ocrx_word' id='word_1_301' title='bbox 0 0 1333 3920; x_wconf 95' lang='lat' dir='ltr'><strong> </strong></span> 
     </span>
    </p>
   </div>
  </div>
 </body>
</html>
