2670 3920
203 206 275 275 138
610 184 776 265 cnuurun

206 376 293 438 Nunc
317 385 444 457 utroque
468 395 582 457 carens,
605 377 700 455 ignoti
722 375 820 437 sabula
844 395 944 459 sexus,

249 464 372 527 Femina
395 484 464 527 oum
488 484 547 527 non
572 466 622 545 sis,
646 467 691 526 vir
714 472 814 526 tamen
838 484 904 526 esse
928 468 1046 546 nequis,

150 709 284 751 umus.
657 675 721 742 130

151 763 236 858 {1⁹3⁰
231 795 277 858 tu.
462 793 513 848 De
537 790 710 848 (tabellino
732 792 910 848 meretrice

365 909 513 972 Caballina
537 911 642 971 fruens
665 910 787 970 amanda
810 911 884 971 nulii

365 999 507 1061 Excussis
531 999 618 1059 modo
642 999 773 1060 calcibus
797 999 956 1081 fremebat3

366 1089 448 1160 Quae
472 1091 605 1168 quamvis
629 1088 702 1149 iacie
727 1091 817 1149 micet
839 1088 960 1150 rubenti

365 1177 404 1239 Et
427 1176 523 1238 vibret
546 1175 665 1237 Parium
689 1179 789 1238 nitens
815 1176 954 1259 colorem,

365 1266 497 1327 Hirsutis
521 1274 620 1326 tamen
645 1274 690 1327 est
713 1265 840 1345 petenda
864 1266 961 1348 mulis,

365 1354 422 1426 Qui
446 1357 562 1434 possint
584 1353 693 1434 pariles
717 1357 809 1416 citare
834 1357 958 1418 iunctas.

655 1565 717 1630 131

498 1682 548 1736 De
571 1681 775 1737 Arsuoiteno
798 1684 877 1737 vato

366 1800 521 1861 Praecisae
545 1798 637 1859 silicis
661 1799 797 1860 cautibus
821 1799 909 1880 edite,

366 1888 501 1950 Silvestri
525 1888 644 1953 iuvenis,
666 1887 768 1948 durior
792 1888 908 1970 arbuto,

365 1978 485 2041 Truuco
510 1995 578 2038 cum
603 1986 723 2055 stupeas
747 1977 906 2059 horridior,
932 1981 1016 2057 cupis

364 2067 507 2128 Formare
532 2063 577 2144 [c]
601 2068 731 2143 propriis
755 2068 886 2127 carmina
910 2067 1046 2128 versibus
1332 2120 1334 2127 4

365 2156 404 2216 lit
426 2158 514 2215 metri
537 2156 627 2215 variis
650 2153 753 2215 ludere
777 2152 916 2233 iegibus?
1167 2169 1223 2218 ·5
1333 2138 1334 2163 ¹

366 2244 424 2306 Sed
449 2246 515 2323 quis
539 2252 568 2303 te
592 2242 718 2304 docilem
741 2244 854 2305 iudicet
877 2247 995 2326 artium,

366 2334 446 2405 Quas
469 2342 574 2393 natura
599 2333 680 2394 dedit
703 2333 803 2394 cordis
827 2326 964 2395 acutior?
1034 2388 1037 2393 .

366 2421 454 2483 Solus
477 2422 556 2501 ligna
580 2420 682 2483 dolans
707 2421 835 2482 iortibus
859 2424 953 2483 asceis

365 2511 404 2572 Et
426 2509 494 2571 duri
517 2528 656 2577 resecans
680 2510 787 2571 robora
811 2514 941 2590 pectoris

364 2599 467 2661 Vatcm
490 2610 520 2660 tc
544 2607 660 2679 poterat
684 2600 810 2660 reddere
833 2598 974 2682 ligneum,
1191 2613 1223 2663 ιο

170 2841 172 2846 .
276 2792 462 2857 ostrumque
480 2789 508 2842 Β
544 2787 633 2843 issnoii
651 2787 679 2842 A
699 2789 725 2857 (g
737 2790 801 2854 fort.
820 2805 877 2843 non
895 2807 913 2844 a
931 2805 966 2843 ua.
981 2791 1040 2858 pr.)

275 2860 343 2916 iao.
371 2859 474 2913 morice
497 2860 538 2929 B,
565 2862 597 2915 iu
623 2876 676 2944 quo
703 2876 799 2914 uersus
826 2861 896 2914 arole
922 2860 1135 2948 distiuyuuutur

205 2963 341 3034 3queuis
360 2966 388 3020 Β
468 2965 599 3020 4bibreb
617 2966 645 3021 A
662 2965 774 3021 biberet
791 2966 819 3020 Β
868 2950 985 3035 paribus
1005 2969 1032 3021 A
1050 2983 1172 3049 paruum

205 3075 233 3129 Β
270 3072 361 3127 colore
380 3072 408 3126 Β
481 3071 611 3126 omullis
629 3073 657 3127 Β
732 3071 816 3141 eqni
835 3074 895 3142 (sie)
915 3073 976 3127 AB
1011 3056 1129 3143 possint
1144 3077 1171 3130 A

205 3143 315 3215 possuit
333 3145 361 3198 B
398 3142 505 3199 cithare
524 3144 552 3199 A

259 3216 345 3271 7131.
378 3216 420 3269 De
449 3215 693 3270 arcuciienosueie
716 3214 744 3269 A
774 3214 816 3268 De
840 3213 1004 3284 sangibano
1028 3216 1124 3271 fucino
1143 3219 1171 3273 B

203 3304 299 3343 uersos
317 3288 387 3342 maie
405 3289 576 3359 distinctions
614 3285 739 3356 Incisse
754 3288 782 3341 Β
833 3286 983 3340 iarbnste
997 3287 1025 3341 Β
1069 3290 1172 3370 diune

205 3409 303 3447 cocum
325 3392 425 3448 iubens
447 3396 549 3463 iupens
564 3394 595 3449 Β
666 3399 685 3447 4
708 3408 723 3446 e
746 3393 811 3448 add.
830 3392 965 3448 Heinsius
1038 3398 1053 3447 7
1073 3377 1173 3461 cordis

206 3463 317 3517 auctior
335 3465 372 3532 B,
394 3466 459 3520 dedi
476 3483 509 3520 es
527 3466 555 3521 A
645 3469 661 3517 8
681 3463 754 3519 Solis
777 3463 805 3517 Β
860 3462 949 3517 asceis
968 3464 996 3518 Β
1020 3464 1104 3518 nsciis
1128 3468 1173 3537 (ex

208 3532 380 3659 {ageibudsfflj
469 3542 485 3589 9
505 3534 581 3589 duris
600 3534 661 3589 AB
680 3532 770 3603 osseis
785 3541 849 3604 post
868 3533 945 3588 duris
964 3552 1072 3591 erasum
1089 3536 1118 3589 A

259 3620 297 3657 uc
318 3621 333 3659 e
