2670 3920
458 203 598 260 conteis
618 204 848 262 SALMASIANI.
1072 202 1136 270 163

170 373 258 435 Nunc
281 373 373 452 igitur
396 389 536 433 crescens
560 374 646 433 annis
669 373 832 453 sapientior
854 381 934 433 aetas

171 463 295 524 Devovit
317 460 406 522 Marti
428 462 526 522 tenuit
550 478 625 541 quae
648 462 739 523 corda
762 460 886 542 Cupido,

171 551 411 630 Belligemmqne
434 550 525 611 deum
548 567 616 611 cum
640 568 725 611 mens
748 559 812 611 tum
832 550 964 611 membra
982 558 1134 614 secuntur.

117 654 153 703 eu
172 641 305 702 Stamina
328 639 499 719 linquentes
522 647 647 700 currant
668 639 704 700 ad
729 637 842 719 spicula
865 638 979 720 palmae

171 729 408 807 Territicumque
432 736 522 807 caput
545 730 674 806 praelixa
698 728 813 789 casside
837 731 955 789 mitram

170 816 272 898 Pellat,
295 825 375 879 tecta
397 819 480 896 gravi
503 816 686 878 decorentur
709 826 843 897 tempora
867 817 962 900 ferro,

170 907 260 968 Arma
284 915 385 985 tegant
406 914 543 968 nostrum
567 909 780 986 potiusquam
804 925 932 986 suppara
955 925 1074 988 corpus.

171 997 195 1058 A
218 996 287 1057 telis
310 996 346 1056 ad
371 995 429 1056 tela
452 995 539 1056 decet
562 999 690 1056 transire
714 999 863 1057 iuventam

117 1097 150 1146 es
170 1086 268 1165 Atque
290 1084 392 1145 hostes
415 1083 512 1162 gladio
536 1103 624 1164 quam
648 1084 730 1145 lanas
754 1084 880 1145 sundere
904 1085 979 1147 fuso.

170 1173 285 1235 'lenuis
307 1173 417 1234 loricae
440 1173 548 1234 cedant
571 1174 704 1234 multicia
726 1174 799 1235 forti

171 1262 332 1342 Splendeat
354 1271 384 1323 et
407 1269 512 1342 raptus
535 1265 668 1342 proiecto
692 1265 811 1342 pectine
835 1280 953 1344 mucr03

170 1352 335 1413 Contemtis
358 1351 450 1412 radiis
473 1360 637 1413 onerentur
660 1351 781 1412 brachia
804 1351 881 1431 pilis,

170 1440 275 1503 Clausa
298 1440 350 1501 diu
373 1439 503 1501 thalenao
526 1440 686 1501 reddamus
708 1449 831 1520 pectora
855 1458 967 1519 canipe.

115 1543 150 1592 ee
170 1531 339 1591 Praesumit
361 1536 474 1590 cerum
498 1531 593 1590 virtus
617 1529 675 1590 sihi
698 1530 818 1590 conscia
841 1529 968 1608 palmam

169 1620 210 1680 Ac
234 1618 341 1680 dubios
364 1618 474 1697 gaudet
496 1619 631 1697 perferre
654 1620 792 1679 interrita
814 1636 912 1679 casus.

168 1707 217 1768 Nil
240 1710 356 1788 metuit,
380 1709 432 1787 qui
454 1725 560 1786 magna
583 1709 675 1787 cupit.
715 1709 883 1768 constantia
906 1710 1016 1769 mentis

168 1797 238 1858 Fata
262 1796 372 1877 domat,
395 1814 451 1857 nec
474 1797 533 1857 iam
555 1797 635 1876 potis
658 1805 705 1857 est
727 1795 860 1857 Fortuna
881 1814 992 1857 nocere

170 1885 293 1948 Securis
317 1887 432 1965 martis,
454 1887 506 1946 cui
528 1903 588 1946 nan
613 1894 684 1946 sunt
707 1885 782 1946 bella
805 1887 915 1947 timori.

115 1988 150 2037 33
169 1974 309 2036 Fortibus
333 1993 392 2035 una
414 1976 488 2035 viris
511 1974 674 2054 parilisque
696 1993 752 2055 per
775 1977 873 2036 omnia
897 1992 963 2035 sors
985 1985 1041 2058 est,

169 2064 229 2125 Aut
250 2064 364 2143 palmae
387 2071 439 2124 arrt
461 2063 514 2124 leti
536 2063 696 2143 pugnando
720 2064 878 2142 adquirere
901 2064 1027 2125 laudem.

170 2152 300 2214 Cernere
323 2155 382 2213 iam
403 2151 517 2232 videor,
541 2161 650 2231 qnanta
672 2152 812 2213 mercede
835 2155 953 2214 cruoris

170 2241 324 2303 Constabit
347 2247 452 2319 raptus
474 2241 575 2302 Paridi
598 2244 772 2319 crimenque
796 2243 915 2321 iacenti,

170 2330 262 2392 Obvia
286 2332 427 2391 cristatus
450 2347 519 2391 cum
543 2332 688 2409 sparserit
711 2330 827 2407 agmina
851 2337 953 2390 vertex

115 2433 150 2482 re
170 2419 208 2481 Et
231 2419 294 2480 solo
317 2427 439 2498 aspectu
463 2418 640 2480 claudentur
662 2418 805 2497 Pergama
829 2425 946 2500 nostr03
1092 2448 1122 2498 p,
1133 2435 1188 2487 103

171 2507 305 2588 Cumque
329 2526 424 2569 novus
447 2510 526 2568 visos
549 2507 675 2568 bellator
698 2506 803 2567 fudero
828 2507 970 2589 Teucros,

242 2715 373 2784 18q3A
446 2719 479 2768 19
499 2714 593 2769 dsnA
626 2714 702 2786 ium]
720 2731 795 2768 nunc
813 2717 851 2783 A,
869 2731 976 2769 corun
1048 2715 1135 2769 eoli-

170 2789 288 2854 quentes
306 2787 335 2841 A
371 2787 469 2840 curent
485 2784 544 2838 iam
562 2786 685 2855 Maedly,
701 2803 768 2841 uum
786 2785 875 2841 recte?
920 2790 953 2838 21
972 2783 1058 2840 mitra
1071 2786 1100 2840 A

170 2862 204 2911 22
223 2860 300 2912 tecta
318 2856 400 2927 graui
418 2859 518 2926 scripsi
542 2859 572 2911 et
588 2855 720 2938 ingrecili
738 2857 774 2921 A,
792 2856 882 2912 rests?
904 2859 933 2910 et
950 2856 1017 2911 hinc
1036 2859 1135 2914 Schra-

170 2930 252 2984 derus
288 2929 456 2982 deaurantur
474 2929 502 2983 A
556 2933 590 2982 23
610 2944 706 2997 supera
719 2930 755 2997 A,
774 2945 843 2983 corr.
858 2930 955 2984 Reum.
1007 2929 1137 2984 reiecit

169 3000 198 3055 A
274 3006 309 3054 25
328 2999 401 3067 Adq3
420 3001 448 3054 A
484 2999 567 3053 lanae
587 3000 727 3054 Baehrens
761 2998 826 3053 fusa
844 3001 872 3055 A
944 3005 978 3054 26
996 2999 1051 3053 Uia
1069 3001 1135 3055 lori-

170 3070 551 3196 {eutuutea
569 3070 648 3196 a
666 3071 803 3195 dtus
822 3141 840 3194 a
942 3073 1091 3197 auser

168 3215 234 3267 tuat
247 3157 291 3282 Σο
292 3157 372 3269 1loru.
387 3158 587 3294 Schraderu?
609 3218 644 3266 33
657 3158 821 3294 'domentlA
841 3160 927 3295 niella}
946 3212 1022 3293 enim
1035 3159 1135 3269 Bellula:

170 3284 286 3338 lurtuna
299 3284 327 3339 A
380 3290 414 3337 38
429 3282 579 3337 Constami
591 3285 619 3338 A
654 3286 750 3339 recent
763 3284 800 3352 A,
818 3285 891 3339 uude
909 3285 1015 3338 recenti
1032 3301 1067 3339 ut.
1081 3301 1133 3340 rec,

172 3354 286 3410 nocenti
304 3355 419 3427 Machly
439 3354 543 3408 latenti
561 3356 704 3411 Baehrens
793 3360 827 3408 39
847 3353 940 3410 Obbie
958 3362 984 3409 et
1002 3371 1135 3425 conspar-

171 3461 240 3516 serll
256 3461 389 3516 hacminn
407 3462 450 3530 A,
471 3478 539 3517 corr.
560 3483 579 3516 α
668 3467 701 3516 41
721 3444 797 3516 noull
825 3478 859 3516 etc
884 3477 959 3515 nouo
977 3461 1006 3516 A
1059 3462 1136 3516 uisos

170 3533 326 3658 eifflrserqu
351 3535 429 3587 fusos
448 3534 476 3588 A
504 3550 599 3590 uersos
626 3536 671 3590 uei
697 3534 787 3588 fessos
815 3534 933 3605 Hiqtius
954 3531 1024 3588 Cum
1045 3551 1135 3589 nonus

922 3694 975 3748 11*
