2672 3924
407 183 545 240 coniers
565 184 768 251 BERNENSIS
785 190 844 240 611.
1043 183 1108 250 363

192 352 312 413 Mordeo
335 352 530 433 mordentem,
554 370 656 412 morsu
680 369 735 412 neo
759 351 882 411 vulnero
907 352 1034 414 dentem.

191 442 280 521 Lapis
304 441 377 501 mihi
400 441 469 501 finis
492 440 589 521 simul,
613 441 741 501 deiectio
765 440 887 518 lignum.

507 643 549 698 88
571 643 621 697 De
644 642 749 711 glaeie

190 762 322 842 Corpore
346 761 470 821 formate
493 760 580 840 pleno
604 760 640 820 de
664 759 786 840 parvulo
809 768 893 839 patre

189 852 252 912 Neo
276 870 291 912 a
316 858 410 911 matre
433 851 523 926 feror,
547 851 606 909 nisi
628 849 742 909 feratur
766 858 796 909 et
821 851 893 929 ipsa.

190 940 279 1001 Nasci
301 947 385 1001 vetor
408 957 463 1017 ego
487 942 551 999 sine
574 941 674 1017 genito
698 949 791 1017 petre.

190 1030 228 1091 Et
251 1037 350 1090 creato
373 1046 479 1089 rursus
504 1045 557 1106 ego
581 1029 717 1106 concipio
741 1035 875 1088 matrem.

190 1119 294 1179 Hieme
318 1126 479 1196 conceptos
503 1116 637 1196 pendens
661 1135 729 1177 eum
754 1134 840 1177 servo
863 1125 1013 1197 parentes,

190 1207 306 1268 Rursus
330 1209 360 1266 in
384 1208 494 1267 aestivo
519 1205 691 1285 coquendos
714 1205 833 1285 ignibus
857 1214 934 1284 apto.

496 1410 538 1463 39
560 1407 609 1462 De
631 1407 759 1463 hedera

191 1510 290 1573 Arbor
313 1509 387 1571 mihi
410 1517 504 1588 pater,
528 1527 595 1568 nam
620 1516 650 1568 et
673 1507 787 1586 lapidea
810 1517 913 1569 mater.

191 1600 322 1678 Corpore
346 1615 413 1657 nam
438 1594 535 1656 mollis
559 1597 650 1656 duros
674 1596 828 1675 disrumpo
852 1606 1001 1676 parentes.

190 1691 294 1747 destas
317 1705 364 1745 me
389 1685 468 1745 nuile
491 1702 547 1744 nee
571 1683 630 1744 ulla
653 1686 763 1763 frigora
787 1688 919 1746 vineunt.

189 1775 271 1836 Vnus
294 1775 399 1834 bruma
423 1772 506 1834 color
528 1791 680 1852 vernoque
704 1773 846 1835 simulet
870 1783 962 1837 aestu.

188 1864 323 1945 Propriis
347 1870 446 1923 ereota
471 1871 553 1923 vetor
577 1865 741 1924 consistere
764 1864 883 1944 plantis,

189 1953 326 2014 Manibus
349 1952 400 2013 sed
425 1952 481 2012 alta
505 1963 574 2031 peto
598 1955 753 2014 eacumina
776 1955 872 2015 tortis.

458 2155 504 2208 40
527 2155 576 2209 De
599 2153 792 2223 musoipula

89 2268 144 2318 235
190 2254 322 2316 vinculis
346 2264 468 2315 extense
492 2253 601 2314 multos
625 2254 806 2332 comprendo
830 2264 969 2334 vagantes

189 2344 228 2405 Et
252 2344 347 2405 soluta
372 2343 485 2405 nullum
511 2362 587 2422 queo
612 2343 827 2420 comprendere
851 2352 977 2423 pastum.

190 2432 301 2493 Venter
323 2432 424 2493 nullus
447 2431 529 2512 mihi,
553 2450 612 2510 qno
635 2433 751 2511 possint
774 2439 859 2511 capte
882 2435 997 2513 reponi,

191 2521 250 2582 Sed
273 2522 365 2582 muita
390 2540 444 2600 pro
467 2520 611 2581 membris
635 2522 801 2581 formantur
825 2540 876 2582 ora
900 2521 1029 2582 tenendi.

190 2610 270 2690 Opes
292 2610 365 2671 mihi
388 2628 448 2671 non
473 2619 551 2690 sunt,
575 2627 695 2670 sursum
719 2610 770 2670 sed
795 2610 910 2688 pendor
932 2610 968 2670 ad
992 2629 1087 2671 arrros.

92 2713 144 2761 240
189 2699 263 2760 Nam
287 2702 405 2761 fortuna
429 2698 502 2759 mihi
525 2708 667 2778 remanet,
691 2700 823 2759 sitense
848 2699 990 2760 dimittor.

216 2875 268 2924 222
295 2869 395 2940 Lapsis
423 2872 450 2926 L
559 2876 610 2924 223
638 2870 790 2924 formatum
822 2869 849 2923 V
900 2869 985 2938 plena
1013 2871 1040 2925 L

144 2947 196 2995 225
215 2943 297 3011 patre
316 2942 412 3011 genito
432 2944 467 3011 V,·
484 2949 553 2998 recte
570 2943 597 2996 L
651 2943 847 2995 momentum
862 2941 921 2995 LV
973 2947 1108 2995 2273011-

145 3012 252 3082 eoeptis
271 3013 298 3066 L
344 3030 408 3067 eum
425 3031 475 3068 om.
490 3013 517 3066 L
598 3018 651 3067 228
669 3011 708 3065 Et
727 3028 768 3067 ae.
787 3030 809 3065 r.
828 3010 943 3080 ignibus
962 3013 1044 3067 trado
1064 3029 1108 3066 oo-

144 3083 264 3153 quendis
283 3084 310 3137 L
346 3085 387 3139 De
406 3085 491 3139 edera
509 3084 536 3138 L
586 3089 638 3138 229
657 3085 692 3150 of.
712 3086 777 3139 adu.
796 3101 820 3138 o.
841 3088 902 3138 101.
920 3082 1028 3153 lipidea
1047 3084 1073 3138 L

145 3161 197 3210 230
217 3155 346 3224 dirumpo
370 3156 398 3211 V
475 3161 525 3209 231
545 3157 647 3209 Aestas
666 3154 705 3226 L]
724 3154 811 3208 Nerei
836 3155 862 3207 V
895 3154 974 3210 nulla
998 3155 1037 3226 V]
1056 3170 1109 3209 noo

144 3226 204 3281 ulla
222 3229 248 3282 L
293 3243 346 3281 nee
364 3226 424 3280 ulla
441 3228 552 3299 scripse]
576 3226 636 3279 ullo
653 3241 706 3280 nee
725 3226 751 3278 L
774 3242 826 3280 neo
848 3224 967 3280 uincunt
984 3226 1018 3281 fr.
1037 3226 1109 3280 duro

149 3298 176 3352 V
270 3303 322 3352 232
346 3299 376 3354 Β.
401 3314 423 3352 o.
448 3316 474 3353 u.
495 3299 522 3352 L
575 3312 687 3365 unoque
712 3298 739 3351 V
788 3298 867 3351 nesto
891 3297 919 3351 L
946 3300 1007 3351 esto
1030 3297 1058 3352 V

144 3373 196 3421 233
214 3371 255 3424 sie
272 3370 306 3424 L.
349 3370 543 3438 Surreetapr.
568 3371 595 3424 V
667 3372 720 3421 234
739 3368 794 3422 Sed
816 3386 853 3424 m.
873 3369 901 3424 V
973 3374 1109 3423 2350011-

142 3438 253 3508 phendo
272 3444 407 3496 uocantes
426 3441 453 3494 L
534 3446 586 3494 236
606 3439 800 3508 conphendero
818 3440 845 3494 L
918 3445 970 3494 237
988 3458 1025 3495 m.
1040 3458 1067 3496 n.
1082 3441 1109 3494 L

143 3510 249 3579 possim
269 3512 329 3566 LV
403 3518 454 3566 238
474 3512 621 3567 firmantur
645 3513 671 3566 V
745 3517 852 3567 240111,
872 3511 891 3566 f.
911 3514 937 3567 V
971 3512 1109 3567 manetL

146 3579 274 3636 dimittor
293 3583 317 3636 si
335 3585 419 3640 modo
437 3588 520 3639 tensa
544 3586 571 3639 V
1133 3606 1136 3615 ¹
