2642 3922
254 215 297 279 62
654 213 820 270 CARMINA

196 458 198 461 Ι
297 381 439 460 Reppulit
462 392 492 442 et
515 400 635 460 sparsos
658 384 788 441 lraterna
813 381 902 441 caede
926 390 1058 460 penates.
1305 396 1306 447 l

298 471 375 541 Quid
400 472 503 549 Syrtes
527 480 578 531 aut
602 469 698 550 Scylla
723 470 803 551 mihi,
828 470 898 550 quid
923 478 1003 530 vasta
1027 469 1192 550 Charybdis
1239 487 1271 534 lo
1305 472 1306 477 ’

296 560 447 621 Profuerit
470 560 645 637 mediosque
669 559 769 637 lugam
792 562 925 619 tenuisse
949 577 1004 637 per
1027 557 1145 621 bostis?

295 648 424 727 Inprobe
447 666 539 730 amor,
562 648 634 727 quid
659 667 717 707 nou
742 647 876 708 mortalia
900 646 1051 727 [pectora]
1076 645 1181 728 cogis?

293 736 376 799 lassa
400 738 494 797 aliena
518 739 580 816 pati
602 740 772 816 iterumque
795 736 948 797 revolvere
972 755 1068 817 casus,
1191 767 1222 818 p.
1233 755 1271 807 27

294 825 341 886 lre
364 829 474 887 iterum
498 827 528 886 in
552 826 697 887 lacrimae.
739 826 792 886 sed
816 826 906 886 nullis
929 825 978 886 ille
1002 834 1139 886 movetur
1306 828 1307 903 l

294 914 437 995 Fletibus,
462 915 586 975 infixum
611 915 711 974 stridit
734 914 790 974 sub
814 923 936 993 pectore
961 915 1077 975 vulnus.
1238 933 1269 981 15

293 1003 451 1063 Extinctus
475 1003 572 1083 pudor
595 1012 684 1081 atque
707 1005 821 1064 inmitis
845 1013 931 1081 rupta
954 1006 1072 1083 tyranni

294 1091 427 1152 Foedera
451 1102 481 1152 et
505 1091 615 1152 oblitus
639 1094 732 1152 lamae
756 1092 889 1152 melioris
912 1095 1038 1153 amantis

293 1180 447 1241 Oblitusve
471 1183 518 1241 sui
542 1190 602 1241 est:
624 1180 763 1241 lacrimae
788 1180 945 1242 volvuntur
969 1184 1081 1242 inanes.
1306 1172 1307 1233 l

292 1269 446 1349 Nusquam
470 1278 534 1330 tuta
557 1270 640 1349 tides,
663 1288 737 1329 vana
761 1288 813 1348 spe
837 1270 909 1330 lusit
931 1278 1080 1330 amantem

293 1358 437 1420 Crudelis.
480 1359 561 1441 quid,
585 1360 610 1419 si
634 1376 693 1418 non
717 1377 786 1419 arva
809 1358 903 1418 aliena
928 1359 1091 1437 domosque
1232 1382 1266 1430 20
1307 1392 1308 1409 1

176 1445 178 1450 ’
293 1447 411 1525 lgnotas
434 1456 559 1527 peteret,
583 1465 638 1526 pro
661 1450 830 1525 virginitate
855 1444 995 1526 reponit?

293 1536 359 1597 Heu
382 1538 486 1616 pietas,
510 1537 569 1596 beu
592 1538 692 1616 prisca
715 1528 802 1597 lidesl
826 1539 940 1615 captiva
964 1534 1069 1596 videbo

294 1625 435 1704 Reginam
460 1625 586 1685 thalamo
610 1633 800 1685 cunctantem
824 1635 966 1704 ostroque
990 1623 1120 1704 superbo
1146 1659 1189 1667 —

294 1713 372 1774 Haut
395 1717 508 1793 inpune
532 1714 662 1794 quidem,
686 1717 710 1774 si
735 1714 806 1793 quid
831 1733 895 1774 mea
919 1716 1049 1775 carmina
1072 1713 1212 1793 possunt!

554 1900 671 1959 Chorus
691 1900 904 1958 Colchidorum

505 2016 617 2077 Rerum
641 2020 689 2077 eui
714 2035 828 2076 summa
854 2024 993 2097 potestas,

459 2105 605 2166 Precibus
628 2109 654 2165 si
677 2105 808 2166 lleeteris
831 2104 901 2165 ullis

457 2193 497 2255 Et
520 2197 547 2255 si
569 2197 679 2274 pietate
703 2212 863 2272 meremur,

458 2283 567 2343 Nostro
591 2302 735 2344 succurre
759 2281 863 2342 labori.

459 2371 497 2432 Et
521 2382 552 2433 tn
578 2372 717 2432 Saturnia
739 2372 823 2446 luno,

459 2460 514 2521 Cui
538 2460 632 2521 vinela
658 2461 763 2539 iugalia
790 2478 889 2539 curae,
996 2518 1002 2531 ,

458 2549 559 2610 Oculis
583 2549 656 2609 baec
680 2551 789 2629 aspicis
813 2546 938 2625 aequis?
981 2573 984 2579 ·

457 2637 619 2699 Nemorum
643 2637 767 2699 Latonia
791 2649 893 2698 custos

456 2726 565 2787 Triviis
590 2727 701 2788 ululata
724 2746 778 2806 per
802 2726 903 2808 arbee,

458 2815 507 2875 Sic
532 2834 586 2875 nos
610 2819 640 2875 in
664 2825 782 2894 sceptra
807 2813 949 2894 reponis?

457 2901 544 2985 Quid,
568 2922 585 2964 o
609 2904 810 2982 pulcherrime
834 2906 973 2985 coniunx,

314 3108 466 3178 onepulic
483 3110 511 3164 A
595 3116 628 3164 10
649 3111 731 3165 siries
749 3112 777 3166 A
828 3111 911 3165 scilla
929 3112 957 3166 A
1001 3111 1125 3166 caribdis
1145 3113 1174 3168 A

242 3186 274 3234 11
294 3198 313 3252 p
333 3178 402 3235 ostis
421 3181 449 3235 A
504 3186 537 3235 12
555 3185 672 3251 pectora
686 3200 737 3237 om.
751 3183 789 3251 A,
807 3184 871 3238 add.
886 3202 905 3237 a
961 3188 996 3237 14
1014 3185 1172 3238 mouturA

242 3257 276 3306 16
295 3252 364 3320 adq3
385 3254 411 3306 A
447 3253 575 3321 tyrranni
593 3254 621 3307 A
699 3260 732 3308 17
751 3253 860 3307 Federa
878 3255 906 3308 A
994 3259 1028 3308 18
1048 3272 1097 3327 sue
1117 3257 1163 3309 est
1181 3258 1208 3309 A

241 3323 396 3377 uoluuntur
415 3325 443 3378 A
528 3323 635 3398 21hqo
659 3342 710 3392 pro
729 3327 757 3379 A
781 3327 827 3393 (cf.
847 3327 917 3381 Aen.
938 3326 1007 3380 XII
1017 3330 1083 3395 818,
1111 3328 1160 3381 sed
1184 3333 1209 3382 et

239 3395 290 3449 IV
301 3397 365 3465 312)
437 3401 472 3449 22
491 3394 560 3448 fides
580 3398 610 3448 et
628 3397 681 3468 hqc
699 3395 815 3465 captiua
828 3397 856 3450 A
930 3402 964 3451 23
982 3395 1104 3451 thalami
1123 3413 1209 3450 euno-

241 3466 337 3519 tantes
356 3464 384 3518 A
475 3471 510 3518 24
533 3465 591 3518 Aue
616 3465 721 3535 inpone
740 3469 768 3522 A
858 3467 966 3521 Chorus
994 3466 1162 3522 colcilerum
1181 3468 1210 3523 A

240 3537 334 3590 1111111
357 3537 423 3604 litt,
445 3543 477 3590 ut
500 3543 580 3591 notae
599 3553 782 3605 macenorum
804 3540 860 3605 sere
883 3556 981 3594 manes.
1017 3555 1115 3594 11111111
1137 3546 1209 3595 recte

241 3606 347 3661 diutule
365 3607 393 3660 A
461 3611 495 3659 33
513 3605 607 3660 iribiis
625 3625 660 3663 em
677 3607 779 3663 tribius
799 3612 826 3663 A
890 3615 924 3663 35
943 3609 1110 3680 prdeerrime
1125 3611 1153 3664 A
