2654 3926
451 181 590 237 OODIOIS
610 181 839 239 SALMASIANI.
1063 184 1128 248 227

524 343 620 410 XVII
644 343 773 409 Aranea

164 436 260 498 Pallas
283 456 330 497 me
354 436 457 498 docuit
480 437 602 498 texendi
625 455 714 498 nosse
738 436 879 498 laborem.

163 525 235 587 Nee
258 525 357 605 pepli
380 526 480 587 radios
504 534 632 606 poscunt
655 545 710 587 nee
734 526 802 587 licia
826 527 911 588 telae.

163 614 249 676 Nulla
272 615 346 676 mihi
370 633 475 676 manus
499 623 553 696 est,
577 616 704 695 pedihus
727 623 827 676 tamen
851 617 948 676 omnia
974 617 1056 677 fiunt.

519 770 634 837 XVIII
658 770 775 838 Ooelea

162 864 252 926 Porto
276 864 399 925 domum
422 883 547 945 meeum,
571 883 690 944 semper
714 867 841 942 migrare
865 872 975 944 parata,

108 965 142 1015 70
161 954 334 1033 Muteteque
358 953 420 1015 solo
444 973 504 1014 non
529 972 595 1014 sum
618 953 796 1014 miserabilis
820 953 898 1034 exul,

163 1042 222 1103 Sed
246 1044 319 1103 mihi
342 1042 503 1104 eonsilium
527 1043 563 1103 de
588 1043 669 1103 eaelo
692 1045 826 1104 nascitur
850 1045 925 1122 ipso.

521 1198 652 1265 XVIIII
674 1199 767 1264 Rana

161 1291 408 1353 Baucisonans
433 1312 486 1373 ego
511 1312 577 1354 sum
601 1292 697 1352 media
721 1291 829 1353 vocalis
852 1294 884 1352 in
908 1292 996 1374 unde,
1087 1309 1181 1375 plne

162 1380 221 1441 Sed
245 1400 301 1441 vox
323 1381 410 1443 laude
435 1392 529 1463 sonat,
553 1379 668 1462 'squasi
691 1398 723 1440 se
748 1399 866 1460 quoque
885 1380 986 1441 laudet
1005 1391 1035 1442 et
1053 1383 1126 1460 Ipsa.

161 1469 295 1549 Cumque
320 1489 422 1532 canam
447 1489 574 1550 semper,
597 1468 698 1530 nullus
722 1488 786 1529 mea
811 1472 941 1530 carmina
965 1468 1072 1531 laudat.

492 1658 494 1663 ¹
529 1624 591 1690 XX
614 1625 756 1689 Testudo

106 1719 266 1801 76107713,
289 1720 383 1798 gradu
405 1719 496 1795 lento,
520 1720 655 1797 specioso
679 1718 812 1796 praedita
837 1719 940 1799 ‹lors03

160 1808 252 1870 Docta
277 1808 396 1888 quidem
420 1808 529 1888 studio,
553 1807 604 1868 sed
630 1826 734 1868 saevo
757 1807 875 1886 prodita
899 1810 959 1870 fato

159 1897 230 1958 Viva
253 1897 328 1958 nihil
351 1898 427 1978 dixi3
452 1916 527 1976 quae
552 1899 595 1957 sic
618 1896 706 1958 modo
730 1907 847 1958 mortua
871 1909 967 1959 canto.

450 2078 452 2082 “
542 2052 622 2117 XXI
644 2054 746 2138 Talpa

160 2163 253 2223 Caeca
277 2163 350 2224 mihi
373 2164 464 2225 facies
488 2164 561 2223 atris
585 2162 712 2222 obseura
735 2162 879 2223 tenebris,

159 2250 222 2310 Nox
247 2260 293 2310 est
315 2254 393 2329 ipse
417 2252 481 2312 dies
504 2269 560 2311 nec
584 2251 627 2311 sol
651 2251 725 2311 mihi
748 2254 882 2312 cernitur
907 2251 994 2313 ullus,

104 2353 140 2403 80
159 2338 235 2399 Malo
260 2342 320 2418 legi
343 2348 436 2402 terra:
460 2342 503 2400 sic
527 2358 574 2399 me
598 2358 716 2419 quoque
740 2358 828 2399 neme
852 2339 972 2401 videbit.

230 2493 294 2549 Ree·
306 2495 346 2548 B:
361 2500 394 2548 67
404 2492 463 2546 Nee
479 2491 554 2545 telae
584 2492 725 2546 72Rauea
739 2509 841 2546 sonans
871 2498 904 2548 76
919 2493 987 2546 duro
1018 2497 1050 2547 79
1060 2494 1124 2563 ipsa

229 2618 357 2672 Araneus
370 2618 399 2673 A
449 2623 555 2671 66-66
570 2624 633 2671 ante
647 2621 752 2679 63-65
768 2617 857 2672 FGI
902 2622 935 2670 66
949 2616 1047 2671 labore
1061 2617 1089 2671 A

159 2694 192 2742 67
211 2689 372 2745 Aldhelmns
387 2717 419 2735 =
434 2688 472 2744 D.
500 2688 560 2742 Nee
574 2689 633 2742 tela
650 2687 730 2742 radio
744 2690 772 2744 A
791 2689 880 2743 telam
893 2687 967 2742 radii
981 2689 1123 2744 Baehrens

157 2759 263 2830 poseho
282 2781 301 2814 α
338 2767 371 2816 68
393 2764 438 2815 est
455 2778 506 2816 om.
521 2781 541 2814 e
585 2759 686 2814 Coeles
703 2762 743 2814 se'e
757 2761 823 2815 17077·
859 2765 893 2814 69
913 2775 994 2828 seper
1011 2759 1123 2814 marine,

157 2847 208 2900 per
225 2831 328 2886 mirare
346 2833 448 2902 perata
466 2831 503 2899 A,
522 2849 590 2886 corn
611 2849 629 2885 a
698 2835 729 2884 71
751 2830 899 2884 eonsilium
918 2848 932 2885 s
950 2830 1123 2885 conchilium

158 2903 185 2956 L
203 2902 381 2972 conchylium
397 2903 518 2960 Castalio
583 2906 615 2955 72
630 2902 729 2956 Rauca
743 2919 847 2955 sunaus
861 2903 889 2957 A
954 2907 987 2955 73
1006 2903 1088 2957 uelox
1103 2923 1123 2956 α

159 2973 213 3028 Sed
235 2991 293 3027 non
315 2975 333 3030 l.
358 2992 379 3029 s.
399 2991 466 3042 uox,
495 2990 568 3041 quae
593 2989 623 3026 se
646 2973 762 3028 Schenkl
784 2976 869 3028 vacat
886 2975 1016 3029 Hesaens
1044 2977 1123 3029 earet

158 3044 310 3101 Heumann
328 3063 385 3115 qus
403 3047 429 3102 G
448 3060 518 3113 ques
534 3047 556 3099 Ι
569 3062 625 3099 uox
642 3060 729 3098 rauca
748 3047 839 3114 sonat,
858 3044 940 3114 quasi
959 3062 989 3099 se
1008 3046 1123 3099 conlau-

158 3117 207 3169 det
234 3118 338 3172 eone'eie
383 3117 505 3188 semper]
532 3119 614 3171 hies
641 3117 742 3170 desene't
785 3115 887 3171 laudet
913 3115 944 3169 in
971 3116 1073 3185 ipsad

160 3191 193 3239 74
210 3188 305 3241 nullus
324 3206 360 3242 m.
381 3205 403 3243 e.
423 3187 524 3241 laudat
543 3187 734 3242 ‘Valente'nne'
758 3205 803 3256 ap.
823 3195 960 3244 anctoeem
978 3189 1011 3241 de
1028 3187 1123 3241 dubiis

157 3296 315 3350 nominibus
328 3296 462 3365 (Gramen.
479 3297 526 3350 lat.
545 3295 586 3349 ed.
602 3294 668 3348 Keil
686 3294 712 3347 V
722 3311 753 3363 p.
769 3296 832 3363 677)
884 3298 916 3348 76
935 3293 1026 3363 gradu
1041 3273 1121 3360 lentfi

157 3366 186 3420 A
203 3383 236 3420 m.
253 3384 298 3436 pn.
370 3386 398 3423 n.
419 3371 461 3421 77.
486 3372 519 3421 76
543 3364 657 3421 Schenkl
729 3370 762 3418 76
783 3381 849 3419 seuo
873 3364 942 3418 duro
961 3364 989 3418 A
1016 3366 1122 3419 seuad

156 3436 270 3505 prodite
292 3438 345 3491 Ae
394 3437 525 3507 praedite
548 3437 685 3506 d(‘?)GH‚
713 3437 735 3490 I
753 3454 785 3492 ee
809 3453 877 3491 eone.
907 3434 1020 3504 perdim
1042 3436 1121 3491 Hen

156 3525 243 3563 neann
279 3514 313 3563 79
359 3525 395 3562 on
412 3512 456 3565 est
470 3511 513 3564 ed
539 3507 948 3578 ipseA=DIpsaH=B
985 3507 1120 3562 80mello

156 3579 207 3652 Ap
243 3581 320 3634 terre
338 3597 388 3637 om.
407 3582 435 3637 A
472 3579 591 3635 uidebat
609 3581 650 3652 αβ

906 3669 960 3723 15*
