2654 3926
606 187 775 254 CARMINA

365 365 424 425 Per
447 366 544 426 nostri
567 365 680 426 similes
704 366 771 427 dato
796 364 921 426 sodales.

365 453 439 515 Nam
463 457 490 515 si
513 453 692 533 doctiloquis
715 457 865 534 nimisque
889 456 1003 533 magnis

365 542 445 604 llaec
469 551 503 605 tu
526 544 691 605 credideris
716 546 789 605 viris
811 542 944 624 legenda,

367 631 476 711 Culpae
501 650 556 693 uos
579 634 677 693 socios
700 633 817 694 notabit
839 631 941 693 index:

366 721 438 782 Tam
463 730 502 804 te,
525 721 594 783 talia
617 724 670 802 qui
693 722 780 783 bonis
804 739 953 801 recenses,

367 810 461 881 Quam
485 829 542 889 me,
566 812 618 890 qui
641 820 691 871 tua
717 812 837 872 duriora
861 812 943 870 iussa

365 900 437 961 Fcci
460 901 589 977 nescius,
612 903 758 960 inmemor
782 900 886 960 futuri.

365 987 428 1050 Nec
451 1006 498 1048 me
522 990 673 1067 paeniteat
695 991 778 1050 iocos
802 996 949 1069 secutum,

367 1076 449 1147 Quos
472 1076 572 1138 verbis
596 1080 830 1156 epigrammaton
854 1077 958 1138 facetis

366 1166 506 1228 Diversos
529 1166 609 1227 sacili
632 1167 747 1245 pudore
770 1166 843 1228 lusit

366 1256 492 1334 Frigcns
515 1256 676 1337 ingenium,
700 1255 809 1317 laboris
833 1264 949 1334 expers.

368 1343 503 1424 Causam,
527 1346 667 1405 carminis
690 1345 770 1405 unde
794 1347 833 1406 sit
856 1343 1002 1427 voluptas,

367 1433 445 1494 Edct
467 1433 628 1495 ridiculum
652 1451 782 1513 sequens
804 1452 918 1514 poema.

656 1661 721 1727 288

380 1777 525 1833 Iambioi
546 1778 591 1833 ad
612 1777 778 1833 lectorem
801 1777 913 1847 operis
936 1778 993 1834 sui

302 1895 439 1956 ·Priscos
462 1913 530 1956 cum
553 1895 689 1975 haberes,
713 1914 788 1975 quos
811 1896 965 1978 probares,
988 1897 1113 1978 indices,

319 1983 436 2065 Lector,
460 1984 579 2063 placere
602 1987 655 2063 qui
677 1984 765 2045 bonis
787 1994 911 2063 possent
934 1986 1039 2068 modis,

318 2072 421 2134 Nostri
444 2072 537 2134 libelli
559 2092 615 2134 cur
638 2077 749 2134 retexis
772 2077 910 2154 paginam
1034 2147 1036 2151 ἢ

318 2161 411 2241 Nugis
434 2162 576 2224 refertam
599 2162 774 2242 frivolisque
797 2163 945 2244 sensibus,
1015 2212 1018 2217 Α

319 2251 358 2313 lli
381 2270 470 2331 quam
493 2251 602 2312 tenello
626 2254 684 2312 tiro
708 2251 766 2312 lusi
790 2249 926 2314 viscere?

318 2342 364 2401 Au
387 2341 465 2402 forte
488 2341 585 2401 doctis
608 2340 657 2401 illa
681 2359 749 2401 cara
772 2349 819 2402 est
842 2340 988 2422 versibus,

320 2432 412 2491 Sonat
435 2428 543 2509 pusillo
568 2447 643 2508 quae
666 2429 777 2490 laboris
800 2427 989 2510 †scbematc,

318 2518 406 2579 Nullo
431 2518 557 2599 decoris,
581 2517 720 2598 ambitus,
743 2516 932 2580 sententiae?

319 2607 402 2668 Hanc
425 2614 458 2667 tu
482 2608 613 2686 requiris
636 2615 667 2668 et
690 2607 818 2668 libenter
840 2608 972 2689 inchoas,

320 2695 408 2757 Velut
430 2697 529 2756 iocosa
554 2698 579 2756 si
602 2696 717 2756 theatra
740 2693 899 2774 pervoles?

280 2891 314 2939 14
338 2883 451 2938 sodales
470 2884 498 2939 A
572 2889 605 2937 16
631 2883 790 2939 credederis
808 2885 837 2938 A
911 2889 942 2938 il
961 2884 1075 2939 notauit
1092 2884 1120 2939 A

209 2966 243 3014 18
261 2958 333 3011 Tam
346 2958 375 3009 te
391 2976 418 3021 α,
438 2956 569 3027 Meqerua
583 2954 692 3009 Tantae
705 2955 734 3010 A
770 2956 859 3010 bonus
874 2956 1015 3011 Baehrens
1050 2956 1174 3011 recensis

208 3032 236 3085 A
282 3033 314 3082 21
335 3026 554 3095 peniteabocos
574 3042 702 3080 securum
719 3027 747 3081 A
788 3033 821 3080 22
843 3025 923 3091 Quod
937 3027 975 3095 A,
993 3044 1062 3083 corr.
1077 3028 1179 3100 Meyer

208 3096 426 3171 epigramathon
448 3096 544 3151 facilis
562 3097 610 3178 A,
672 3103 706 3151 23
732 3096 866 3187 Diuersos
884 3099 1034 3170 Machlyes
1054 3098 1174 3155 Diuerso

209 3177 238 3228 et
256 3167 541 3296 Aissbiemiblueijcieyaod
557 3168 693 3294 {giblim
707 3169 898 3310 beprtbrciubbiAA
937 3246 951 3293 1
971 3241 1091 3310 probare
1110 3242 1138 3295 A

208 3322 226 3368 4
243 3311 418 3392 tribulisque,
432 3310 469 3392 A,
487 3328 555 3366 corr.
575 3310 672 3437 Megcr
721 3316 737 3365 ὁ
756 3314 819 3381 tyro
838 3310 993 3393 Anbiscerc
1010 3312 1038 3366 A
1058 3385 1063 3397 ι
1094 3317 1110 3365 6
1129 3313 1174 3366 An

210 3403 257 3457 eqo
274 3384 313 3438 Et
330 3383 359 3437 A
396 3399 421 3435 ει
438 3381 490 3435 alla
504 3383 533 3437 A
588 3389 602 3436 ‘l
643 3398 698 3435 ona
715 3383 744 3437 A
784 3382 882 3452 pusilli
899 3384 938 3452 A,
956 3401 1063 3439 correct
1099 3402 1126 3453 q3
1146 3386 1174 3438 A

209 3457 320 3536 comntp
339 3453 368 3507 A
395 3453 709 3575 scpmmeiossaebrena
735 3453 877 3508 schemate
901 3457 1016 3536 conieci¹
1076 3459 1092 3508 8
1112 3472 1174 3539 sen-

209 3523 990 3664 itllddi‘ittitdilisdtiltttttti
999 3526 1174 3668 didit
