<?xml version="1.0" encoding="UTF-8"?>
<!DOCTYPE html PUBLIC "-//W3C//DTD XHTML 1.0 Transitional//EN"
    "http://www.w3.org/TR/xhtml1/DTD/xhtml1-transitional.dtd">
<html xmlns="http://www.w3.org/1999/xhtml" xml:lang="en" lang="en">
 <head>
  <title>
</title>
<meta http-equiv="Content-Type" content="text/html;charset=utf-8" />
  <meta name='ocr-system' content='tesseract 3.04.00' />
  <meta name='ocr-capabilities' content='ocr_page ocr_carea ocr_par ocr_line ocrx_word'/>
</head>
<body>
  <div class='ocr_page' id='page_1' title='image "./anthologialatin02lommgoog_0045.png"; bbox 0 0 2646 3920; ppageno 0'>
   <div class='ocr_carea' id='block_1_1' title="bbox 207 166 796 224">
    <p class='ocr_par' dir='ltr' id='par_1_1' title="bbox 207 166 796 224">
     <span class='ocr_line' id='line_1_1' title="bbox 207 166 796 224; baseline 0 -1"><span class='ocrx_word' id='word_1_1' title='bbox 207 166 256 223; x_wconf 87' lang='lat' dir='ltr'><strong>XL</strong></span> <span class='ocrx_word' id='word_1_2' title='bbox 591 168 796 224; x_wconf 84' lang='lat' dir='ltr'><strong>PRAEFATIO</strong></span> 
     </span>
    </p>
   </div>
   <div class='ocr_carea' id='block_1_2' title="bbox 211 336 1191 1840">
    <p class='ocr_par' dir='ltr' id='par_1_2' title="bbox 211 336 1191 1840">
     <span class='ocr_line' id='line_1_2' title="bbox 213 336 1179 416; baseline 0.002 -20"><span class='ocrx_word' id='word_1_3' title='bbox 213 338 396 415; x_wconf 76' lang='lat' dir='ltr'><strong>argumentis</strong></span> <span class='ocrx_word' id='word_1_4' title='bbox 430 336 680 416; x_wconf 85' lang='lat' dir='ltr'><strong>confirmandam,</strong></span> <span class='ocrx_word' id='word_1_5' title='bbox 714 336 765 396; x_wconf 90' lang='lat' dir='ltr'><strong>sed</strong></span> <span class='ocrx_word' id='word_1_6' title='bbox 795 355 848 416; x_wconf 91' lang='lat' dir='ltr'><strong>per</strong></span> <span class='ocrx_word' id='word_1_7' title='bbox 877 355 909 397; x_wconf 91' lang='lat' dir='ltr'><strong>se</strong></span> <span class='ocrx_word' id='word_1_8' title='bbox 938 355 997 398; x_wconf 93' lang='lat' dir='ltr'><strong>non</strong></span> <span class='ocrx_word' id='word_1_9' title='bbox 1029 336 1179 416; x_wconf 90' lang='lat' dir='ltr'><strong>improba·</strong></span> 
     </span>
     <span class='ocr_line' id='line_1_3' title="bbox 211 423 1180 507; baseline 0.001 -22"><span class='ocrx_word' id='word_1_10' title='bbox 211 425 303 486; x_wconf 90' lang='lat' dir='ltr'><strong>bilem</strong></span> <span class='ocrx_word' id='word_1_11' title='bbox 335 425 486 506; x_wconf 77' lang='lat' dir='ltr'>ducimur,</span> <span class='ocrx_word' id='word_1_12' title='bbox 518 427 549 485; x_wconf 92' lang='lat' dir='ltr'><strong>in</strong></span> <span class='ocrx_word' id='word_1_13' title='bbox 578 425 624 486; x_wconf 88' lang='lat' dir='ltr'><strong>bis</strong></span> <span class='ocrx_word' id='word_1_14' title='bbox 657 424 795 486; x_wconf 84' lang='lat' dir='ltr'><strong>loliorum</strong></span> <span class='ocrx_word' id='word_1_15' title='bbox 820 423 951 487; x_wconf 84' lang='lat'>91-99</span> <span class='ocrx_word' id='word_1_16' title='bbox 986 426 1180 507; x_wconf 84' lang='lat' dir='ltr'><strong>carminibus,</strong></span> 
     </span>
     <span class='ocr_line' id='line_1_4' title="bbox 213 507 1179 597; baseline 0.002 -23"><span class='ocrx_word' id='word_1_17' title='bbox 213 512 373 594; x_wconf 89' lang='lat' dir='ltr'><strong>[quinque]</strong></span> <span class='ocrx_word' id='word_1_18' title='bbox 405 514 523 575; x_wconf 89' lang='lat' dir='ltr'><strong>illorum</strong></span> <span class='ocrx_word' id='word_1_19' title='bbox 553 513 697 575; x_wconf 89' lang='lat' dir='ltr'><strong>librorum</strong></span> <span class='ocrx_word' id='word_1_20' title='bbox 721 507 866 597; x_wconf 76' lang='lat' dir='ltr'><strong>(lsextus]</strong></span> <span class='ocrx_word' id='word_1_21' title='bbox 893 516 971 576; x_wconf 90' lang='lat' dir='ltr'><strong>enim</strong></span> <span class='ocrx_word' id='word_1_22' title='bbox 998 515 1179 576; x_wconf 82' lang='lat' dir='ltr'><strong>centonibus</strong></span> 
     </span>
     <span class='ocr_line' id='line_1_5' title="bbox 213 595 1179 686; baseline 0.001 -22"><span class='ocrx_word' id='word_1_23' title='bbox 213 595 344 686; x_wconf 89' lang='lat' dir='ltr'><strong>constat)</strong></span> <span class='ocrx_word' id='word_1_24' title='bbox 369 606 430 664; x_wconf 89' lang='lat' dir='ltr'><strong>sive</strong></span> <span class='ocrx_word' id='word_1_25' title='bbox 459 607 591 665; x_wconf 91' lang='lat' dir='ltr'><strong>omnium</strong></span> <span class='ocrx_word' id='word_1_26' title='bbox 621 606 682 664; x_wconf 88' lang='lat' dir='ltr'><strong>sive</strong></span> <span class='ocrx_word' id='word_1_27' title='bbox 706 605 800 682; x_wconf 88' lang='lat' dir='ltr'><strong>partis</strong></span> <span class='ocrx_word' id='word_1_28' title='bbox 824 622 927 664; x_wconf 90' lang='lat' dir='ltr'><strong>eorum</strong></span> <span class='ocrx_word' id='word_1_29' title='bbox 952 613 1092 684; x_wconf 82' lang='lat' dir='ltr'><strong>excerpta</strong></span> <span class='ocrx_word' id='word_1_30' title='bbox 1116 623 1179 665; x_wconf 90' lang='lat' dir='ltr'><strong>ser·</strong></span> 
     </span>
     <span class='ocr_line' id='line_1_6' title="bbox 212 687 1179 772; baseline 0.003 -21"><span class='ocrx_word' id='word_1_31' title='bbox 212 702 276 753; x_wconf 84' lang='lat' dir='ltr'><strong>rata</strong></span> <span class='ocrx_word' id='word_1_32' title='bbox 301 710 375 753; x_wconf 88' lang='lat' dir='ltr'><strong>esse.</strong></span> <span class='ocrx_word' id='word_1_33' title='bbox 423 691 519 770; x_wconf 91' lang='lat' dir='ltr'><strong>[Hanc</strong></span> <span class='ocrx_word' id='word_1_34' title='bbox 539 695 708 772; x_wconf 91' lang='lat' dir='ltr'><strong>opinionem</strong></span> <span class='ocrx_word' id='word_1_35' title='bbox 729 712 818 772; x_wconf 90' lang='lat' dir='ltr'><strong>quam</strong></span> <span class='ocrx_word' id='word_1_36' title='bbox 837 687 913 754; x_wconf 78' lang='lat' dir='ltr'><strong>‘uon</strong></span> <span class='ocrx_word' id='word_1_37' title='bbox 935 688 1179 771; x_wconf 88' lang='lat' dir='ltr'><strong>improbabilem&#39;</strong></span> 
     </span>
     <span class='ocr_line' id='line_1_7' title="bbox 213 781 1191 862; baseline 0 -20"><span class='ocrx_word' id='word_1_38' title='bbox 213 800 278 842; x_wconf 87' lang='lat' dir='ltr'><strong>esse</strong></span> <span class='ocrx_word' id='word_1_39' title='bbox 302 781 371 841; x_wconf 92' lang='lat' dir='ltr'><strong>clim</strong></span> <span class='ocrx_word' id='word_1_40' title='bbox 394 781 464 862; x_wconf 85' lang='lat' dir='ltr'><strong>dixi,</strong></span> <span class='ocrx_word' id='word_1_41' title='bbox 487 781 675 843; x_wconf 88' lang='lat' dir='ltr'><strong>coniectandi</strong></span> <span class='ocrx_word' id='word_1_42' title='bbox 697 781 820 843; x_wconf 86' lang='lat' dir='ltr'><strong>libidine</strong></span> <span class='ocrx_word' id='word_1_43' title='bbox 843 782 959 861; x_wconf 76' lang='lat' dir='ltr'><strong>abrepti</strong></span> <span class='ocrx_word' id='word_1_44' title='bbox 979 784 1191 843; x_wconf 87' lang='lat' dir='ltr'><strong>certissimam</strong></span> 
     </span>
     <span class='ocr_line' id='line_1_8' title="bbox 213 869 1180 952; baseline 0.003 -21"><span class='ocrx_word' id='word_1_45' title='bbox 213 889 279 931; x_wconf 90' lang='lat' dir='ltr'><strong>esse</strong></span> <span class='ocrx_word' id='word_1_46' title='bbox 308 880 492 932; x_wconf 88' lang='lat' dir='ltr'><strong>censuerunt</strong></span> <span class='ocrx_word' id='word_1_47' title='bbox 516 880 546 931; x_wconf 88' lang='lat' dir='ltr'><strong>et</strong></span> <span class='ocrx_word' id='word_1_48' title='bbox 576 869 720 949; x_wconf 88' lang='lat' dir='ltr'><strong>Peiperus</strong></span> <span class='ocrx_word' id='word_1_49' title='bbox 744 890 819 932; x_wconf 88' lang='lat' dir='ltr'><strong>mus.</strong></span> <span class='ocrx_word' id='word_1_50' title='bbox 843 871 927 932; x_wconf 90' lang='lat' dir='ltr'><strong>rhen.</strong></span> <span class='ocrx_word' id='word_1_51' title='bbox 951 869 1009 952; x_wconf 86' lang='lat'><strong>31,</strong></span> <span class='ocrx_word' id='word_1_52' title='bbox 1035 869 1098 933; x_wconf 87' lang='grc'><strong>183</strong></span> <span class='ocrx_word' id='word_1_53' title='bbox 1114 889 1180 951; x_wconf 87' lang='lat' dir='ltr'><strong>sqq.</strong></span> 
     </span>
     <span class='ocr_line' id='line_1_9' title="bbox 213 956 1179 1040; baseline 0.001 -20"><span class='ocrx_word' id='word_1_54' title='bbox 213 970 243 1021; x_wconf 89' lang='lat' dir='ltr'><strong>et</strong></span> <span class='ocrx_word' id='word_1_55' title='bbox 273 959 472 1020; x_wconf 81' lang='lat' dir='ltr'><strong>baehrensius</strong></span> <span class='ocrx_word' id='word_1_56' title='bbox 504 959 544 1020; x_wconf 90' lang='lat' dir='ltr'><strong>ib.</strong></span> <span class='ocrx_word' id='word_1_57' title='bbox 564 957 616 1040; x_wconf 88' lang='lat'><strong>31,</strong></span> <span class='ocrx_word' id='word_1_58' title='bbox 635 956 701 1021; x_wconf 79' lang='lat'><strong>254</strong></span> <span class='ocrx_word' id='word_1_59' title='bbox 711 978 790 1039; x_wconf 85' lang='lat' dir='ltr'><strong>sqq,</strong></span> <span class='ocrx_word' id='word_1_60' title='bbox 822 971 852 1020; x_wconf 92' lang='lat' dir='ltr'><strong>et</strong></span> <span class='ocrx_word' id='word_1_61' title='bbox 884 960 953 1021; x_wconf 89' lang='lat' dir='ltr'><strong>inde</strong></span> <span class='ocrx_word' id='word_1_62' title='bbox 986 961 1115 1039; x_wconf 83' lang='lat' dir='ltr'><strong>proiecti</strong></span> <span class='ocrx_word' id='word_1_63' title='bbox 1148 972 1179 1021; x_wconf 91' lang='lat' dir='ltr'><strong>et</strong></span> 
     </span>
     <span class='ocr_line' id='line_1_10' title="bbox 214 1047 1177 1128; baseline -0.004 -17"><span class='ocrx_word' id='word_1_64' title='bbox 214 1051 277 1111; x_wconf 85' lang='lat' dir='ltr'><strong>anis</strong></span> <span class='ocrx_word' id='word_1_65' title='bbox 301 1058 428 1128; x_wconf 90' lang='lat' dir='ltr'><strong>uterque</strong></span> <span class='ocrx_word' id='word_1_66' title='bbox 453 1047 618 1108; x_wconf 86' lang='lat' dir='ltr'><strong>rationibus</strong></span> <span class='ocrx_word' id='word_1_67' title='bbox 638 1050 686 1109; x_wconf 93' lang='lat' dir='ltr'><strong>usi</strong></span> <span class='ocrx_word' id='word_1_68' title='bbox 709 1067 827 1109; x_wconf 88' lang='lat' dir='ltr'><strong>omnem</strong></span> <span class='ocrx_word' id='word_1_69' title='bbox 848 1048 1046 1109; x_wconf 86' lang='lat' dir='ltr'><strong>Salmasianae</strong></span> <span class='ocrx_word' id='word_1_70' title='bbox 1064 1049 1177 1110; x_wconf 80' lang='lat' dir='ltr'><strong>Antho-</strong></span> 
     </span>
     <span class='ocr_line' id='line_1_11' title="bbox 213 1137 1181 1218; baseline -0.001 -19"><span class='ocrx_word' id='word_1_71' title='bbox 213 1140 308 1214; x_wconf 86' lang='lat' dir='ltr'><strong>logiae</strong></span> <span class='ocrx_word' id='word_1_72' title='bbox 332 1140 578 1216; x_wconf 83' lang='lat' dir='ltr'><strong>compositionem</strong></span> <span class='ocrx_word' id='word_1_73' title='bbox 601 1137 667 1197; x_wconf 88' lang='lat' dir='ltr'><strong>luce</strong></span> <span class='ocrx_word' id='word_1_74' title='bbox 691 1137 801 1198; x_wconf 87' lang='lat' dir='ltr'><strong>clarius</strong></span> <span class='ocrx_word' id='word_1_75' title='bbox 828 1141 1017 1218; x_wconf 80' lang='lat' dir='ltr'><strong>perspexisse</strong></span> <span class='ocrx_word' id='word_1_76' title='bbox 1042 1137 1100 1198; x_wconf 90' lang='lat' dir='ltr'><strong>sibi</strong></span> <span class='ocrx_word' id='word_1_77' title='bbox 1123 1141 1181 1198; x_wconf 79' lang='lat' dir='ltr'><strong>risi</strong></span> 
     </span>
     <span class='ocr_line' id='line_1_12' title="bbox 214 1225 1181 1307; baseline -0.001 -19"><span class='ocrx_word' id='word_1_78' title='bbox 214 1236 292 1288; x_wconf 91' lang='lat' dir='ltr'><strong>sunt.</strong></span> <span class='ocrx_word' id='word_1_79' title='bbox 321 1225 454 1297; x_wconf 87' lang='lat' dir='ltr'><strong>Quorum</strong></span> <span class='ocrx_word' id='word_1_80' title='bbox 478 1225 585 1305; x_wconf 82' lang='lat' dir='ltr'><strong>piacita</strong></span> <span class='ocrx_word' id='word_1_81' title='bbox 608 1227 738 1304; x_wconf 16' lang='lat' dir='ltr'><strong>internae</strong></span> <span class='ocrx_word' id='word_1_82' title='bbox 758 1229 829 1287; x_wconf 90' lang='lat' dir='ltr'><strong>satis</strong></span> <span class='ocrx_word' id='word_1_83' title='bbox 853 1227 1020 1288; x_wconf 81' lang='lat' dir='ltr'><strong>differentia</strong></span> <span class='ocrx_word' id='word_1_84' title='bbox 1039 1227 1116 1307; x_wconf 88' lang='lat' dir='ltr'><strong>apud</strong></span> <span class='ocrx_word' id='word_1_85' title='bbox 1136 1229 1181 1306; x_wconf 87' lang='lat' dir='ltr'><strong>ip·</strong></span> 
     </span>
     <span class='ocr_line' id='line_1_13' title="bbox 215 1314 1179 1396; baseline -0.002 -19"><span class='ocrx_word' id='word_1_86' title='bbox 215 1318 311 1377; x_wconf 90' lang='lat' dir='ltr'><strong>sossi</strong></span> <span class='ocrx_word' id='word_1_87' title='bbox 335 1314 408 1376; x_wconf 91' lang='lat' dir='ltr'><strong>libet</strong></span> <span class='ocrx_word' id='word_1_88' title='bbox 430 1316 559 1394; x_wconf 88' lang='lat' dir='ltr'><strong>inspice:</strong></span> <span class='ocrx_word' id='word_1_89' title='bbox 583 1315 632 1375; x_wconf 92' lang='lat' dir='ltr'><strong>bio</strong></span> <span class='ocrx_word' id='word_1_90' title='bbox 656 1315 785 1376; x_wconf 84' lang='lat' dir='ltr'><strong>sufficiet</strong></span> <span class='ocrx_word' id='word_1_91' title='bbox 808 1316 928 1396; x_wconf 80' lang='lat' dir='ltr'><strong>dixisse,</strong></span> <span class='ocrx_word' id='word_1_92' title='bbox 953 1325 1114 1395; x_wconf 87' lang='lat' dir='ltr'><strong>utrumque</strong></span> <span class='ocrx_word' id='word_1_93' title='bbox 1134 1315 1179 1376; x_wconf 85' lang='lat' dir='ltr'><strong>lu·</strong></span> 
     </span>
     <span class='ocr_line' id='line_1_14' title="bbox 215 1404 1178 1484; baseline -0.002 -18"><span class='ocrx_word' id='word_1_94' title='bbox 215 1424 295 1466; x_wconf 89' lang='lat' dir='ltr'><strong>mum</strong></span> <span class='ocrx_word' id='word_1_95' title='bbox 321 1404 516 1484; x_wconf 89' lang='lat' dir='ltr'><strong>umbramque</strong></span> <span class='ocrx_word' id='word_1_96' title='bbox 546 1411 681 1483; x_wconf 89' lang='lat' dir='ltr'><strong>captasse</strong></span> <span class='ocrx_word' id='word_1_97' title='bbox 710 1423 807 1484; x_wconf 91' lang='lat' dir='ltr'><strong>neque</strong></span> <span class='ocrx_word' id='word_1_98' title='bbox 836 1404 997 1484; x_wconf 88' lang='lat' dir='ltr'><strong>quidquam</strong></span> <span class='ocrx_word' id='word_1_99' title='bbox 1022 1407 1097 1466; x_wconf 89' lang='lat' dir='ltr'><strong>certi</strong></span> <span class='ocrx_word' id='word_1_100' title='bbox 1121 1414 1178 1466; x_wconf 89' lang='lat' dir='ltr'><strong>sta·</strong></span> 
     </span>
     <span class='ocr_line' id='line_1_15' title="bbox 215 1493 1179 1573; baseline -0.002 -18"><span class='ocrx_word' id='word_1_101' title='bbox 215 1496 318 1556; x_wconf 87' lang='lat' dir='ltr'><strong>tuisse.</strong></span> <span class='ocrx_word' id='word_1_102' title='bbox 363 1493 515 1555; x_wconf 84' lang='lat' dir='ltr'><strong>Raehrens</strong></span> <span class='ocrx_word' id='word_1_103' title='bbox 541 1502 639 1554; x_wconf 89' lang='lat' dir='ltr'><strong>autem</strong></span> <span class='ocrx_word' id='word_1_104' title='bbox 668 1495 808 1573; x_wconf 91' lang='lat' dir='ltr'><strong>opinione</strong></span> <span class='ocrx_word' id='word_1_105' title='bbox 836 1503 938 1572; x_wconf 88' lang='lat' dir='ltr'><strong>postea</strong></span> <span class='ocrx_word' id='word_1_106' title='bbox 967 1502 1079 1555; x_wconf 89' lang='lat' dir='ltr'><strong>mutata</strong></span> <span class='ocrx_word' id='word_1_107' title='bbox 1102 1493 1179 1555; x_wconf 89' lang='lat' dir='ltr'><strong>PLM</strong></span> 
     </span>
     <span class='ocr_line' id='line_1_16' title="bbox 214 1578 1182 1662; baseline -0.001 -17"><span class='ocrx_word' id='word_1_108' title='bbox 214 1582 251 1645; x_wconf 86' lang='lat' dir='ltr'><strong>IV</strong></span> <span class='ocrx_word' id='word_1_109' title='bbox 270 1602 297 1662; x_wconf 94' lang='lat' dir='ltr'><strong>p.</strong></span> <span class='ocrx_word' id='word_1_110' title='bbox 317 1580 360 1646; x_wconf 79' lang='lat'><strong>35</strong></span> <span class='ocrx_word' id='word_1_111' title='bbox 380 1602 450 1644; x_wconf 90' lang='lat' dir='ltr'><strong>oum</strong></span> <span class='ocrx_word' id='word_1_112' title='bbox 467 1582 648 1661; x_wconf 82' lang='lat' dir='ltr'><strong>Rossbergio</strong></span> <span class='ocrx_word' id='word_1_113' title='bbox 668 1585 782 1661; x_wconf 88' lang='lat' dir='ltr'><strong>putavit</strong></span> <span class='ocrx_word' id='word_1_114' title='bbox 801 1601 922 1643; x_wconf 90' lang='lat' dir='ltr'><strong>carmen</strong></span> <span class='ocrx_word' id='word_1_115' title='bbox 940 1580 1006 1644; x_wconf 87' lang='grc'><strong>430</strong></span> <span class='ocrx_word' id='word_1_116' title='bbox 1026 1602 1062 1643; x_wconf 84' lang='lat' dir='ltr'><strong>ex</strong></span> <span class='ocrx_word' id='word_1_117' title='bbox 1085 1578 1182 1644; x_wconf 78' lang='lat' dir='ltr'><strong>‘libro</strong></span> 
     </span>
     <span class='ocr_line' id='line_1_17' title="bbox 214 1666 1180 1751; baseline -0.001 -17"><span class='ocrx_word' id='word_1_118' title='bbox 214 1680 325 1749; x_wconf 82' lang='lat' dir='ltr'><strong>quarto</strong></span> <span class='ocrx_word' id='word_1_119' title='bbox 367 1674 631 1749; x_wconf 74' lang='lat' dir='ltr'><strong>Epiprommotnm</strong></span> <span class='ocrx_word' id='word_1_120' title='bbox 672 1666 824 1733; x_wconf 84' lang='lat' dir='ltr'><strong>Senecoe&#39;</strong></span> <span class='ocrx_word' id='word_1_121' title='bbox 865 1672 1057 1751; x_wconf 91' lang='lat' dir='ltr'><strong>desumptum</strong></span> <span class='ocrx_word' id='word_1_122' title='bbox 1099 1690 1180 1733; x_wconf 87' lang='lat' dir='ltr'><strong>esse:</strong></span> 
     </span>
     <span class='ocr_line' id='line_1_18' title="bbox 215 1757 1180 1840; baseline 0 -18"><span class='ocrx_word' id='word_1_123' title='bbox 215 1762 330 1823; x_wconf 90' lang='lat' dir='ltr'><strong>scilicet</strong></span> <span class='ocrx_word' id='word_1_124' title='bbox 357 1780 383 1822; x_wconf 90' lang='lat' dir='ltr'><strong>o.</strong></span> <span class='ocrx_word' id='word_1_125' title='bbox 403 1757 578 1822; x_wconf 86' lang='grc'>396-462</span> <span class='ocrx_word' id='word_1_126' title='bbox 612 1763 710 1820; x_wconf 91' lang='lat' dir='ltr'><strong>omnia</strong></span> <span class='ocrx_word' id='word_1_127' title='bbox 743 1761 874 1821; x_wconf 88' lang='lat' dir='ltr'><strong>Senecae</strong></span> <span class='ocrx_word' id='word_1_128' title='bbox 906 1778 972 1821; x_wconf 91' lang='lat' dir='ltr'><strong>esse</strong></span> <span class='ocrx_word' id='word_1_129' title='bbox 1004 1761 1037 1821; x_wconf 95' lang='lat' dir='ltr'><strong>hi</strong></span> <span class='ocrx_word' id='word_1_130' title='bbox 1064 1770 1180 1840; x_wconf 88' lang='lat' dir='ltr'><strong>putant.</strong></span> 
     </span>
    </p>
   </div>
   <div class='ocr_carea' id='block_1_3' title="bbox 129 1846 1179 1929">
    <p class='ocr_par' dir='ltr' id='par_1_3' title="bbox 129 1846 1179 1929">
     <span class='ocr_line' id='line_1_19' title="bbox 129 1846 1179 1929; baseline -0.001 -18"><span class='ocrx_word' id='word_1_131' title='bbox 129 1864 134 1871; x_wconf 85' lang='lat'><strong>·</strong></span> <span class='ocrx_word' id='word_1_132' title='bbox 215 1853 254 1911; x_wconf 80' lang='lat' dir='ltr'><strong>ut</strong></span> <span class='ocrx_word' id='word_1_133' title='bbox 277 1849 389 1910; x_wconf 88' lang='lat' dir='ltr'><strong>Birtius</strong></span> <span class='ocrx_word' id='word_1_134' title='bbox 413 1851 444 1910; x_wconf 93' lang='lat' dir='ltr'><strong>in</strong></span> <span class='ocrx_word' id='word_1_135' title='bbox 468 1849 676 1910; x_wconf 88' lang='lat' dir='ltr'><strong>dissertatione</strong></span> <span class='ocrx_word' id='word_1_136' title='bbox 700 1849 737 1909; x_wconf 92' lang='lat' dir='ltr'><strong>de</strong></span> <span class='ocrx_word' id='word_1_137' title='bbox 760 1849 932 1910; x_wconf 84' lang='lat' dir='ltr'><strong>hexametro</strong></span> <span class='ocrx_word' id='word_1_138' title='bbox 959 1851 1008 1910; x_wconf 92' lang='lat' dir='ltr'><strong>lat.</strong></span> <span class='ocrx_word' id='word_1_139' title='bbox 1027 1869 1056 1929; x_wconf 93' lang='lat' dir='ltr'><strong>p.</strong></span> <span class='ocrx_word' id='word_1_140' title='bbox 1075 1846 1117 1912; x_wconf 81' lang='lat'><strong>65</strong></span> <span class='ocrx_word' id='word_1_141' title='bbox 1141 1868 1179 1910; x_wconf 90' lang='lat' dir='ltr'><strong>ne</strong></span> 
     </span>
    </p>
   </div>
   <div class='ocr_carea' id='block_1_4' title="bbox 215 1937 1186 2995">
    <p class='ocr_par' dir='ltr' id='par_1_4' title="bbox 215 1937 1186 2995">
     <span class='ocr_line' id='line_1_20' title="bbox 215 1937 1181 2020; baseline 0.001 -21"><span class='ocrx_word' id='word_1_142' title='bbox 215 1938 309 2000; x_wconf 92' lang='lat' dir='ltr'><strong>ullum</strong></span> <span class='ocrx_word' id='word_1_143' title='bbox 339 1938 459 2017; x_wconf 90' lang='lat' dir='ltr'><strong>quidem</strong></span> <span class='ocrx_word' id='word_1_144' title='bbox 483 1956 603 1999; x_wconf 87' lang='lat' dir='ltr'><strong>carmen</strong></span> <span class='ocrx_word' id='word_1_145' title='bbox 632 1937 762 2000; x_wconf 89' lang='lat' dir='ltr'><strong>Senecae</strong></span> <span class='ocrx_word' id='word_1_146' title='bbox 795 1937 1025 1999; x_wconf 88' lang='lat' dir='ltr'><strong>adscribendum</strong></span> <span class='ocrx_word' id='word_1_147' title='bbox 1054 1942 1181 2020; x_wconf 89' lang='lat' dir='ltr'><strong>censuit,</strong></span> 
     </span>
     <span class='ocr_line' id='line_1_21' title="bbox 217 2025 1181 2109; baseline 0 -21"><span class='ocrx_word' id='word_1_148' title='bbox 217 2029 349 2088; x_wconf 88' lang='lat' dir='ltr'><strong>metricis</strong></span> <span class='ocrx_word' id='word_1_149' title='bbox 363 2027 412 2088; x_wconf 91' lang='lat' dir='ltr'><strong>ille</strong></span> <span class='ocrx_word' id='word_1_150' title='bbox 428 2025 593 2088; x_wconf 87' lang='lat' dir='ltr'><strong>rationibus</strong></span> <span class='ocrx_word' id='word_1_151' title='bbox 609 2027 726 2088; x_wconf 88' lang='lat' dir='ltr'><strong>ductus.</strong></span> <span class='ocrx_word' id='word_1_152' title='bbox 746 2025 805 2088; x_wconf 90' lang='lat' dir='ltr'><strong>lam</strong></span> <span class='ocrx_word' id='word_1_153' title='bbox 821 2036 854 2088; x_wconf 90' lang='lat' dir='ltr'><strong>ut</strong></span> <span class='ocrx_word' id='word_1_154' title='bbox 868 2028 1027 2109; x_wconf 77' lang='lat' dir='ltr'><strong>proferam,</strong></span> <span class='ocrx_word' id='word_1_155' title='bbox 1042 2027 1113 2107; x_wconf 91' lang='lat' dir='ltr'><strong>quid</strong></span> <span class='ocrx_word' id='word_1_156' title='bbox 1125 2046 1181 2107; x_wconf 84' lang='lat' dir='ltr'><strong>ego</strong></span> 
     </span>
     <span class='ocr_line' id='line_1_22' title="bbox 217 2113 1180 2196; baseline -0.001 -19"><span class='ocrx_word' id='word_1_157' title='bbox 217 2135 297 2178; x_wconf 92' lang='lat' dir='ltr'><strong>nunc</strong></span> <span class='ocrx_word' id='word_1_158' title='bbox 317 2118 443 2177; x_wconf 89' lang='lat' dir='ltr'><strong>sentiam</strong></span> <span class='ocrx_word' id='word_1_159' title='bbox 463 2116 499 2176; x_wconf 87' lang='lat' dir='ltr'><strong>de</strong></span> <span class='ocrx_word' id='word_1_160' title='bbox 519 2136 544 2176; x_wconf 90' lang='lat' dir='ltr'><strong>c.</strong></span> <span class='ocrx_word' id='word_1_161' title='bbox 559 2113 638 2178; x_wconf 79' lang='lat'>430:</span> <span class='ocrx_word' id='word_1_162' title='bbox 661 2123 777 2177; x_wconf 87' lang='lat' dir='ltr'><strong>certum</strong></span> <span class='ocrx_word' id='word_1_163' title='bbox 796 2115 871 2177; x_wconf 91' lang='lat' dir='ltr'><strong>nihil</strong></span> <span class='ocrx_word' id='word_1_164' title='bbox 890 2127 944 2194; x_wconf 91' lang='lat' dir='ltr'><strong>est,</strong></span> <span class='ocrx_word' id='word_1_165' title='bbox 963 2119 1022 2177; x_wconf 88' lang='lat' dir='ltr'><strong>nisi</strong></span> <span class='ocrx_word' id='word_1_166' title='bbox 1041 2126 1180 2196; x_wconf 88' lang='lat' dir='ltr'><strong>quartum</strong></span> 
     </span>
     <span class='ocr_line' id='line_1_23' title="bbox 217 2204 1182 2285; baseline -0.001 -18"><span class='ocrx_word' id='word_1_167' title='bbox 217 2206 342 2267; x_wconf 90' lang='lat' dir='ltr'><strong>alicuius</strong></span> <span class='ocrx_word' id='word_1_168' title='bbox 371 2204 498 2285; x_wconf 82' lang='lat' dir='ltr'><strong>syllogae</strong></span> <span class='ocrx_word' id='word_1_169' title='bbox 530 2204 641 2266; x_wconf 90' lang='lat' dir='ltr'><strong>librum</strong></span> <span class='ocrx_word' id='word_1_170' title='bbox 674 2205 711 2266; x_wconf 99' lang='lat' dir='ltr'><strong>ab</strong></span> <span class='ocrx_word' id='word_1_171' title='bbox 739 2224 775 2266; x_wconf 93' lang='lat' dir='ltr'><strong>eo</strong></span> <span class='ocrx_word' id='word_1_172' title='bbox 807 2207 939 2266; x_wconf 87' lang='lat' dir='ltr'><strong>carmine</strong></span> <span class='ocrx_word' id='word_1_173' title='bbox 974 2205 1083 2266; x_wconf 88' lang='lat' dir='ltr'><strong>alicubi</strong></span> <span class='ocrx_word' id='word_1_174' title='bbox 1116 2225 1182 2266; x_wconf 91' lang='lat' dir='ltr'><strong>ooe·</strong></span> 
     </span>
     <span class='ocr_line' id='line_1_24' title="bbox 217 2292 1182 2375; baseline 0 -19"><span class='ocrx_word' id='word_1_175' title='bbox 217 2297 308 2375; x_wconf 92' lang='lat' dir='ltr'><strong>pisse,</strong></span> <span class='ocrx_word' id='word_1_176' title='bbox 332 2297 418 2355; x_wconf 89' lang='lat' dir='ltr'><strong>cuius</strong></span> <span class='ocrx_word' id='word_1_177' title='bbox 442 2294 570 2375; x_wconf 75' lang='lat' dir='ltr'><strong>syllogae</strong></span> <span class='ocrx_word' id='word_1_178' title='bbox 594 2294 738 2374; x_wconf 86' lang='lat' dir='ltr'><strong>reliquiae</strong></span> <span class='ocrx_word' id='word_1_179' title='bbox 758 2313 783 2355; x_wconf 90' lang='lat' dir='ltr'><strong>c.</strong></span> <span class='ocrx_word' id='word_1_180' title='bbox 799 2292 975 2356; x_wconf 76' lang='lat'>396-479</span> <span class='ocrx_word' id='word_1_181' title='bbox 996 2313 1062 2355; x_wconf 86' lang='lat' dir='ltr'><strong>esse</strong></span> <span class='ocrx_word' id='word_1_182' title='bbox 1080 2295 1182 2356; x_wconf 85' lang='lat' dir='ltr'><strong>riden-</strong></span> 
     </span>
     <span class='ocr_line' id='line_1_25' title="bbox 218 2378 1182 2466; baseline -0.001 -21"><span class='ocrx_word' id='word_1_183' title='bbox 218 2394 277 2445; x_wconf 89' lang='lat' dir='ltr'><strong>tur.</strong></span> <span class='ocrx_word' id='word_1_184' title='bbox 333 2383 405 2444; x_wconf 81' lang='lat' dir='ltr'><strong>llam</strong></span> <span class='ocrx_word' id='word_1_185' title='bbox 438 2394 537 2444; x_wconf 89' lang='lat' dir='ltr'><strong>autem</strong></span> <span class='ocrx_word' id='word_1_186' title='bbox 570 2383 710 2463; x_wconf 80' lang='lat' dir='ltr'><strong>syllogam</strong></span> <span class='ocrx_word' id='word_1_187' title='bbox 749 2378 797 2466; x_wconf 86' lang='lat' dir='ltr'><strong>(ut</strong></span> <span class='ocrx_word' id='word_1_188' title='bbox 830 2384 867 2444; x_wconf 88' lang='lat' dir='ltr'><strong>de</strong></span> <span class='ocrx_word' id='word_1_189' title='bbox 901 2384 1014 2444; x_wconf 90' lang='lat' dir='ltr'><strong>Seneca</strong></span> <span class='ocrx_word' id='word_1_190' title='bbox 1051 2380 1182 2466; x_wconf 81' lang='lat' dir='ltr'><strong>taceam)</strong></span> 
     </span>
     <span class='ocr_line' id='line_1_26' title="bbox 218 2471 1182 2554; baseline -0.001 -21"><span class='ocrx_word' id='word_1_191' title='bbox 218 2492 286 2533; x_wconf 90' lang='lat' dir='ltr'><strong>cum</strong></span> <span class='ocrx_word' id='word_1_192' title='bbox 320 2473 429 2554; x_wconf 75' lang='lat' dir='ltr'><strong>sylloga</strong></span> <span class='ocrx_word' id='word_1_193' title='bbox 463 2473 642 2534; x_wconf 91' lang='lat' dir='ltr'><strong>Salmasiana</strong></span> <span class='ocrx_word' id='word_1_194' title='bbox 676 2472 837 2552; x_wconf 91' lang='lat' dir='ltr'><strong>quidquam</strong></span> <span class='ocrx_word' id='word_1_195' title='bbox 871 2471 982 2533; x_wconf 90' lang='lat' dir='ltr'><strong>babere</strong></span> <span class='ocrx_word' id='word_1_196' title='bbox 1015 2491 1182 2549; x_wconf 86' lang='lat' dir='ltr'><strong>commune,</strong></span> 
     </span>
     <span class='ocr_line' id='line_1_27' title="bbox 217 2562 1183 2643; baseline -0.002 -20"><span class='ocrx_word' id='word_1_197' title='bbox 217 2563 246 2623; x_wconf 92' lang='lat' dir='ltr'><strong>id</strong></span> <span class='ocrx_word' id='word_1_198' title='bbox 272 2571 363 2641; x_wconf 89' lang='lat' dir='ltr'><strong>certe,</strong></span> <span class='ocrx_word' id='word_1_199' title='bbox 386 2573 421 2623; x_wconf 93' lang='lat' dir='ltr'><strong>ut</strong></span> <span class='ocrx_word' id='word_1_200' title='bbox 444 2565 575 2623; x_wconf 88' lang='lat' dir='ltr'><strong>veritatis</strong></span> <span class='ocrx_word' id='word_1_201' title='bbox 600 2562 727 2622; x_wconf 90' lang='lat' dir='ltr'><strong>studiosi</strong></span> <span class='ocrx_word' id='word_1_202' title='bbox 751 2580 854 2622; x_wconf 85' lang='lat' dir='ltr'><strong>verum</strong></span> <span class='ocrx_word' id='word_1_203' title='bbox 879 2562 1033 2643; x_wconf 82' lang='lat' dir='ltr'><strong>fateamur,</strong></span> <span class='ocrx_word' id='word_1_204' title='bbox 1056 2580 1115 2622; x_wconf 93' lang='lat' dir='ltr'><strong>non</strong></span> <span class='ocrx_word' id='word_1_205' title='bbox 1136 2580 1183 2622; x_wconf 93' lang='lat' dir='ltr'><strong>so·</strong></span> 
     </span>
     <span class='ocr_line' id='line_1_28' title="bbox 218 2649 1184 2730; baseline -0.001 -18"><span class='ocrx_word' id='word_1_206' title='bbox 218 2652 279 2712; x_wconf 88' lang='lat' dir='ltr'><strong>lum</strong></span> <span class='ocrx_word' id='word_1_207' title='bbox 310 2670 369 2711; x_wconf 94' lang='lat' dir='ltr'><strong>non</strong></span> <span class='ocrx_word' id='word_1_208' title='bbox 403 2651 563 2711; x_wconf 85' lang='lat' dir='ltr'><strong>verisimile</strong></span> <span class='ocrx_word' id='word_1_209' title='bbox 592 2651 644 2711; x_wconf 90' lang='lat' dir='ltr'><strong>sed</strong></span> <span class='ocrx_word' id='word_1_210' title='bbox 678 2653 766 2710; x_wconf 85' lang='lat' dir='ltr'><strong>etiam</strong></span> <span class='ocrx_word' id='word_1_211' title='bbox 799 2651 957 2711; x_wconf 89' lang='lat' dir='ltr'><strong>admodum</strong></span> <span class='ocrx_word' id='word_1_212' title='bbox 988 2649 1184 2730; x_wconf 87' lang='lat' dir='ltr'><strong>improbabile</strong></span> 
     </span>
     <span class='ocr_line' id='line_1_29' title="bbox 219 2738 1184 2818; baseline -0.002 -17"><span class='ocrx_word' id='word_1_213' title='bbox 219 2759 284 2801; x_wconf 86' lang='lat' dir='ltr'><strong>esse</strong></span> <span class='ocrx_word' id='word_1_214' title='bbox 309 2742 427 2818; x_wconf 84' lang='lat' dir='ltr'><strong>agnovi:</strong></span> <span class='ocrx_word' id='word_1_215' title='bbox 451 2743 541 2799; x_wconf 89' lang='lat' dir='ltr'><strong>immo</strong></span> <span class='ocrx_word' id='word_1_216' title='bbox 567 2757 635 2799; x_wconf 88' lang='lat' dir='ltr'><strong>vero</strong></span> <span class='ocrx_word' id='word_1_217' title='bbox 659 2739 797 2800; x_wconf 88' lang='lat' dir='ltr'><strong>omnibus</strong></span> <span class='ocrx_word' id='word_1_218' title='bbox 821 2741 954 2799; x_wconf 90' lang='lat' dir='ltr'><strong>numeris</strong></span> <span class='ocrx_word' id='word_1_219' title='bbox 985 2738 1021 2800; x_wconf 93' lang='lat' dir='ltr'><strong>ab</strong></span> <span class='ocrx_word' id='word_1_220' title='bbox 1045 2740 1184 2800; x_wconf 80' lang='lat' dir='ltr'><strong>Africana</strong></span> 
     </span>
     <span class='ocr_line' id='line_1_30' title="bbox 218 2824 1186 2908; baseline 0 -18"><span class='ocrx_word' id='word_1_221' title='bbox 218 2829 266 2890; x_wconf 87' lang='lat' dir='ltr'><strong>illa</strong></span> <span class='ocrx_word' id='word_1_222' title='bbox 283 2827 393 2907; x_wconf 76' lang='lat' dir='ltr'><strong>sylloga</strong></span> <span class='ocrx_word' id='word_1_223' title='bbox 408 2827 498 2887; x_wconf 85' lang='lat' dir='ltr'><strong>distat</strong></span> <span class='ocrx_word' id='word_1_224' title='bbox 513 2837 601 2905; x_wconf 91' lang='lat' dir='ltr'><strong>atque</strong></span> <span class='ocrx_word' id='word_1_225' title='bbox 621 2824 794 2908; x_wconf 86' lang='lat' dir='ltr'><strong>discrepat]</strong></span> <span class='ocrx_word' id='word_1_226' title='bbox 825 2827 910 2899; x_wconf 82' lang='lat' dir='ltr'><strong>Quod</strong></span> <span class='ocrx_word' id='word_1_227' title='bbox 922 2847 992 2889; x_wconf 86' lang='lat' dir='ltr'><strong>vero</strong></span> <span class='ocrx_word' id='word_1_228' title='bbox 1007 2829 1094 2889; x_wconf 81' lang='lat' dir='ltr'><strong>Viol.</strong></span> <span class='ocrx_word' id='word_1_229' title='bbox 1108 2826 1186 2890; x_wconf 67' lang='grc' dir='ltr'><strong>1161Γ</strong></span> 
     </span>
     <span class='ocr_line' id='line_1_31' title="bbox 219 2913 1185 2995; baseline 0.002 -18"><span class='ocrx_word' id='word_1_230' title='bbox 219 2922 250 2977; x_wconf 92' lang='lat' dir='ltr'><strong>in</strong></span> <span class='ocrx_word' id='word_1_231' title='bbox 269 2918 417 2994; x_wconf 84' lang='lat' dir='ltr'><strong>poematia</strong></span> <span class='ocrx_word' id='word_1_232' title='bbox 436 2913 502 2977; x_wconf 88' lang='grc'><strong>480</strong></span> <span class='ocrx_word' id='word_1_233' title='bbox 521 2917 597 2976; x_wconf 92' lang='lat' dir='ltr'><strong>hanc</strong></span> <span class='ocrx_word' id='word_1_234' title='bbox 620 2918 848 2995; x_wconf 86' lang='lat' dir='ltr'><strong>inscriptionem</strong></span> <span class='ocrx_word' id='word_1_235' title='bbox 866 2917 957 2978; x_wconf 91' lang='lat' dir='ltr'><strong>habet</strong></span> <span class='ocrx_word' id='word_1_236' title='bbox 976 2913 1038 2979; x_wconf 72' lang='lat' dir='ltr'><strong>‘De</strong></span> <span class='ocrx_word' id='word_1_237' title='bbox 1053 2920 1185 2994; x_wconf 82' lang='lat' dir='ltr'><strong>pedibus</strong></span> 
     </span>
    </p>
   </div>
   <div class='ocr_carea' id='block_1_5' title="bbox 201 3017 1186 3374">
    <p class='ocr_par' dir='ltr' id='par_1_5' title="bbox 201 3017 1186 3374">
     <span class='ocr_line' id='line_1_32' title="bbox 220 3017 1183 3105; baseline 0 -21"><span class='ocrx_word' id='word_1_238' title='bbox 220 3017 402 3103; x_wconf 80' lang='lat' dir='ltr'><strong>Lto.1]11&#39;,</strong></span> <span class='ocrx_word' id='word_1_239' title='bbox 425 3022 455 3083; x_wconf 93' lang='lat' dir='ltr'><strong>id</strong></span> <span class='ocrx_word' id='word_1_240' title='bbox 479 3026 519 3083; x_wconf 90' lang='lat' dir='ltr'><strong>ita</strong></span> <span class='ocrx_word' id='word_1_241' title='bbox 544 3023 672 3105; x_wconf 82' lang='lat' dir='ltr'><strong>explico,</strong></span> <span class='ocrx_word' id='word_1_242' title='bbox 699 3023 756 3085; x_wconf 86' lang='lat' dir='ltr'><strong>hoc</strong></span> <span class='ocrx_word' id='word_1_243' title='bbox 785 3042 904 3084; x_wconf 89' lang='lat' dir='ltr'><strong>carmen</strong></span> <span class='ocrx_word' id='word_1_244' title='bbox 929 3042 944 3083; x_wconf 87' lang='lat' dir='ltr'><strong>a</strong></span> <span class='ocrx_word' id='word_1_245' title='bbox 968 3023 1090 3085; x_wconf 92' lang='lat' dir='ltr'><strong>librario</strong></span> <span class='ocrx_word' id='word_1_246' title='bbox 1115 3042 1183 3084; x_wconf 88' lang='lat' dir='ltr'><strong>curn</strong></span> 
     </span>
     <span class='ocr_line' id='line_1_33' title="bbox 220 3111 1186 3192; baseline 0.002 -20"><span class='ocrx_word' id='word_1_247' title='bbox 220 3111 290 3172; x_wconf 90' lang='lat' dir='ltr'><strong>libri</strong></span> <span class='ocrx_word' id='word_1_248' title='bbox 319 3114 417 3191; x_wconf 87' lang='lat' dir='ltr'><strong>quarti</strong></span> <span class='ocrx_word' id='word_1_249' title='bbox 450 3111 590 3191; x_wconf 82' lang='lat' dir='ltr'><strong>[syllogae</strong></span> <span class='ocrx_word' id='word_1_250' title='bbox 623 3112 703 3173; x_wconf 92' lang='lat' dir='ltr'><strong>illius</strong></span> <span class='ocrx_word' id='word_1_251' title='bbox 736 3112 847 3192; x_wconf 92' lang='lat' dir='ltr'><strong>alioqui</strong></span> <span class='ocrx_word' id='word_1_252' title='bbox 879 3111 1009 3191; x_wconf 83' lang='lat' dir='ltr'><strong>ignotae]</strong></span> <span class='ocrx_word' id='word_1_253' title='bbox 1045 3121 1186 3192; x_wconf 83' lang='lat' dir='ltr'><strong>excerpta</strong></span> 
     </span>
     <span class='ocr_line' id='line_1_34' title="bbox 221 3201 1185 3280; baseline 0.001 -18"><span class='ocrx_word' id='word_1_254' title='bbox 221 3201 406 3263; x_wconf 84' lang='lat' dir='ltr'><strong>describeret</strong></span> <span class='ocrx_word' id='word_1_255' title='bbox 433 3203 577 3262; x_wconf 90' lang='lat' dir='ltr'><strong>omissum</strong></span> <span class='ocrx_word' id='word_1_256' title='bbox 601 3210 631 3261; x_wconf 89' lang='lat' dir='ltr'><strong>et</strong></span> <span class='ocrx_word' id='word_1_257' title='bbox 658 3212 761 3280; x_wconf 91' lang='lat' dir='ltr'><strong>postea</strong></span> <span class='ocrx_word' id='word_1_258' title='bbox 784 3201 842 3262; x_wconf 93' lang='lat' dir='ltr'><strong>hoc</strong></span> <span class='ocrx_word' id='word_1_259' title='bbox 870 3201 975 3262; x_wconf 90' lang='lat' dir='ltr'><strong>ultimo</strong></span> <span class='ocrx_word' id='word_1_260' title='bbox 999 3201 1064 3263; x_wconf 93' lang='lat' dir='ltr'><strong>loco</strong></span> <span class='ocrx_word' id='word_1_261' title='bbox 1088 3202 1185 3263; x_wconf 89' lang='lat' dir='ltr'><strong>adiec-</strong></span> 
     </span>
     <span class='ocr_line' id='line_1_35' title="bbox 201 3284 1186 3374; baseline 0 -22"><span class='ocrx_word' id='word_1_262' title='bbox 201 3303 283 3353; x_wconf 69' lang='lat' dir='ltr'><strong>utum</strong></span> <span class='ocrx_word' id='word_1_263' title='bbox 308 3284 416 3374; x_wconf 68' lang='lat' dir='ltr'><strong>essel).</strong></span> <span class='ocrx_word' id='word_1_264' title='bbox 442 3325 481 3333; x_wconf 93' lang='lat'>—</span> <span class='ocrx_word' id='word_1_265' title='bbox 511 3292 536 3349; x_wconf 86' lang='lat' dir='ltr'><em>V</em></span> <span class='ocrx_word' id='word_1_266' title='bbox 557 3289 706 3369; x_wconf 86' lang='lat' dir='ltr'><strong>Scaligerc</strong></span> <span class='ocrx_word' id='word_1_267' title='bbox 731 3297 819 3351; x_wconf 90' lang='lat' dir='ltr'><strong>notus</strong></span> <span class='ocrx_word' id='word_1_268' title='bbox 850 3300 927 3371; x_wconf 92' lang='lat' dir='ltr'><strong>erat,</strong></span> <span class='ocrx_word' id='word_1_269' title='bbox 956 3294 1008 3370; x_wconf 89' lang='lat' dir='ltr'><strong>qui</strong></span> <span class='ocrx_word' id='word_1_270' title='bbox 1032 3294 1097 3352; x_wconf 93' lang='lat' dir='ltr'><strong>eius</strong></span> <span class='ocrx_word' id='word_1_271' title='bbox 1121 3310 1186 3353; x_wconf 91' lang='lat' dir='ltr'><strong>car·</strong></span> 
     </span>
    </p>
   </div>
   <div class='ocr_carea' id='block_1_6' title="bbox 221 3478 1187 3624">
    <p class='ocr_par' dir='ltr' id='par_1_6' title="bbox 221 3478 1187 3624">
     <span class='ocr_line' id='line_1_36' title="bbox 294 3478 1185 3562; baseline -0.001 -29"><span class='ocrx_word' id='word_1_272' title='bbox 294 3481 320 3562; x_wconf 78' lang='lat'><strong>1)</strong></span> <span class='ocrx_word' id='word_1_273' title='bbox 340 3479 378 3562; x_wconf 81' lang='lat' dir='ltr'><strong>[N</strong></span> <span class='ocrx_word' id='word_1_274' title='bbox 379 3478 418 3533; x_wconf 92' lang='lat' dir='ltr'><strong>oli</strong></span> <span class='ocrx_word' id='word_1_275' title='bbox 429 3479 465 3532; x_wconf 84' lang='lat' dir='ltr'><strong>ad</strong></span> <span class='ocrx_word' id='word_1_276' title='bbox 475 3479 625 3561; x_wconf 68' lang='lat' dir='ltr'><strong>librumlll</strong></span> <span class='ocrx_word' id='word_1_277' title='bbox 636 3478 706 3533; x_wconf 80' lang='lat' dir='ltr'><strong>arlia</strong></span> <span class='ocrx_word' id='word_1_278' title='bbox 717 3478 978 3561; x_wconf 62' lang='lat' dir='ltr'><strong>aliffliilimilliffl‘?</strong></span> <span class='ocrx_word' id='word_1_279' title='bbox 989 3479 1104 3535; x_wconf 85' lang='lat' dir='ltr'><strong>referre:</strong></span> <span class='ocrx_word' id='word_1_280' title='bbox 1118 3496 1185 3533; x_wconf 82' lang='lat' dir='ltr'><strong>nam</strong></span> 
     </span>
     <span class='ocr_line' id='line_1_37' title="bbox 221 3551 1187 3624; baseline 0.001 -19"><span class='ocrx_word' id='word_1_281' title='bbox 221 3567 295 3620; x_wconf 83' lang='lat' dir='ltr'><strong>quae</strong></span> <span class='ocrx_word' id='word_1_282' title='bbox 308 3551 351 3605; x_wconf 88' lang='lat' dir='ltr'><strong>1b1</strong></span> <span class='ocrx_word' id='word_1_283' title='bbox 364 3551 551 3623; x_wconf 88' lang='lat' dir='ltr'><strong>proferuntur,</strong></span> <span class='ocrx_word' id='word_1_284' title='bbox 570 3568 676 3620; x_wconf 86' lang='lat' dir='ltr'><strong>1n1pao</strong></span> <span class='ocrx_word' id='word_1_285' title='bbox 693 3553 859 3605; x_wconf 81' lang='lat' dir='ltr'><strong>art1s1n1i1o</strong></span> <span class='ocrx_word' id='word_1_286' title='bbox 875 3567 932 3604; x_wconf 82' lang='lat' dir='ltr'><strong>ram</strong></span> <span class='ocrx_word' id='word_1_287' title='bbox 948 3551 1068 3605; x_wconf 74' lang='lat' dir='ltr'><strong>amende</strong></span> <span class='ocrx_word' id='word_1_288' title='bbox 1083 3553 1187 3624; x_wconf 69' lang='lat' dir='ltr'><strong>erant]</strong></span> 
     </span>
    </p>
   </div>
   <div class='ocr_carea' id='block_1_7' title="bbox 0 0 1341 3920">
    <p class='ocr_par' dir='ltr' id='par_1_7' title="bbox 0 0 1341 3920">
     <span class='ocr_line' id='line_1_38' title="bbox 0 0 1341 3920; baseline 0 0"><span class='ocrx_word' id='word_1_289' title='bbox 0 0 1341 3920; x_wconf 95' lang='lat' dir='ltr'><strong> </strong></span> 
     </span>
    </p>
   </div>
  </div>
 </body>
</html>
