2646 3920
209 143 236 197 X
587 142 792 199 PRAEFATIO

209 310 332 371 trudere
360 318 482 371 coactus
511 328 601 370 eram.
646 309 767 372 Primus
798 309 891 372 edidit
917 312 1008 391 idque
1037 320 1176 373 accurate

124 407 125 410 ’
209 398 350 461 Nicolaus
391 398 568 477 Campittius
610 401 641 460 in
679 399 869 462 Voluminum
906 399 1176 462 Herculanensium

209 497 291 550 tomo
310 487 337 548 ll
355 486 479 568 Neapoli
498 507 523 550 a.
545 485 629 550 1809
650 489 744 570 edit03
768 491 878 550 maiore
903 491 992 550 etiam
1016 509 1083 551 cum
1103 508 1176 551 cura

210 575 336 638 loannes
359 576 508 657 Hayterus
531 577 644 656 Anglus
672 588 702 639 et
730 578 891 658 descripsit
917 590 947 639 et
975 578 1090 640 tabulas
1113 581 1176 640 aeri

210 667 385 728 incidendas
413 670 541 746 curavit,
574 668 609 728 ad
639 685 766 746 quarum
794 665 945 746 exemplar
972 666 1174 728 Baehrensius

209 755 292 833 Poet.
311 755 373 817 Lat.
393 754 655 835 min.1212sqq.
680 775 768 834 quem
793 774 913 837 sequor,
931 775 1053 817 carmen
1072 757 1175 819 edidit.

210 845 335 906 Litteris
358 844 526 906 uncialibus
559 848 705 924 scriptum
738 854 797 926 est;
824 844 915 907 verba
942 848 1076 925 punctis,
1109 864 1175 907 sen·

211 936 322 995 tentiae
351 933 396 993 vel
423 933 512 994 lineis
539 932 586 993 vel
613 943 681 1013 post
708 952 735 994 v.
755 930 812 1016 37,
835 930 893 1015 51,
917 931 960 996 64
987 934 1175 1015 gravioribus

210 1025 304 1103 signis
333 1032 485 1102 separatae
520 1032 599 1083 sunt.
648 1021 794 1101 Pleraque
822 1023 951 1086 feliciter
978 1023 1176 1104 Giampittius,

210 1111 265 1173 alia
289 1110 450 1193 Hayterus,
479 1111 623 1190 quaedam
647 1110 850 1194 Kreyssigius‚
882 1116 933 1193 qui
956 1115 988 1174 in
1011 1114 1175 1194 appendice
1217 1154 1222 1162 ·
1319 1130 1320 1167 t

211 1200 406 1261 Sallustianae
439 1201 650 1280 disputationis
682 1200 812 1261 Miseuae
846 1221 871 1262 a.
901 1198 988 1264 1835
1021 1203 1174 1263 uberrimo

209 1291 424 1350 commentario
465 1308 585 1351 carmen
627 1292 784 1370 instruxit,
820 1309 915 1370 pauca
951 1290 1001 1351 alii
1037 1290 1175 1351 emenda·

209 1388 328 1439 verunt.
374 1378 448 1449 Quis
472 1397 591 1439 carmen
616 1381 780 1460 scripserit,
807 1397 867 1440 non
891 1387 1008 1440 constat
1031 1372 1085 1462 (ci.
1107 1378 1175 1439 adn.

209 1486 238 1547 p.
259 1462 307 1549 1);
330 1468 410 1547 quod
432 1467 585 1531 Rabirium
609 1468 695 1529 multi
718 1477 872 1529 auctorem
895 1476 1011 1550 putant,
1033 1470 1174 1529 innititur

211 1557 341 1618 Senecae
365 1557 465 1618 verbis
489 1559 541 1636 qui
560 1558 602 1617 M.
624 1560 788 1618 Antonium
811 1560 896 1634 apud
917 1558 1082 1618 Rabirium
1102 1575 1173 1634 poe-

209 1654 284 1722 tam,
318 1665 386 1707 cum
409 1679 447 1690 ·-
468 1650 570 1707 uideat
601 1649 662 1707 sibi
691 1649 770 1707 nibil
800 1649 940 1707 relictum
968 1654 1096 1722 praeter
1126 1650 1174 1707 ius

208 1739 323 1810 mortis,
346 1735 420 1796 dicit
438 1740 631 1796 exclamare:
656 1735 720 1796 Hoc
739 1738 836 1796 babeo
859 1738 1070 1811 quodcumque
1093 1738 1173 1797 dedi.

209 1822 325 1894 Quibus
349 1832 449 1885 tamen
472 1823 571 1884 verbis
594 1823 739 1903 probatur
762 1822 858 1902 nibil]

276 1913 352 1974 'lum
375 1912 562 1973 monosticha
585 1921 616 1973 et
638 1912 809 1973 decasticba
831 1915 920 1992 posui
946 1920 976 1974 et
998 1912 1175 1974 tetrasticha

209 2002 354 2081 quaedam
373 2001 458 2063 libris
474 2001 650 2080 Vergilianis
668 2004 700 2061 in
719 2001 873 2064 codicibus
888 2020 948 2062 non
967 2004 1071 2082 paucis
1089 2020 1174 2081 prae·

209 2093 312 2171 missa,
341 2093 410 2170 quia
438 2110 475 2152 ex
502 2098 586 2169 parte
614 2093 646 2150 in
674 2089 750 2151 libro
774 2092 804 2152 B
832 2086 979 2173 (Romano
1002 2090 1065 2153 Vat.
1085 2088 1173 2154 3867

209 2181 321 2241 saeculi
344 2179 367 2238 V
391 2179 437 2239 vel
459 2178 512 2261 Vl)
540 2181 743 2242 inveniuntur.
788 2179 899 2261 Huius,
922 2189 957 2241 ut
980 2183 1069 2241 etiam
1093 2180 1173 2242 codi-

209 2289 277 2331 cum
306 2272 386 2348 bcp,
419 2268 563 2330 lectiones
596 2288 631 2330 ex
660 2266 782 2348 Vergilii
810 2269 1006 2330 Ribbeokiani
1038 2279 1109 2330 tom.
1132 2269 1174 2330 ΙΙΙ

208 2378 236 2438 p.
250 2355 315 2421 369
326 2377 390 2438 sqq.
418 2360 598 2439 deprompsi.
648 2359 673 2418 θ
697 2361 761 2436 ipse
785 2358 912 2437 contuli,
940 2360 971 2418 E
996 2367 1027 2419 et
1049 2359 1086 2418 Χ
1104 2356 1174 2418 Hol-

209 2447 281 2508 dero
305 2447 408 2509 debeo.
445 2448 644 2509 Bnebrensius
667 2448 721 2508 VZ
738 2458 827 2527 atque
847 2449 878 2507 E
894 2466 1014 2527 quoque
1038 2447 1174 2508 contulit.

208 2538 239 2598 E
259 2545 306 2597 est
332 2536 409 2598 liber
431 2539 707 2617 praestantissimus
734 2538 872 2616 Ausonii,
905 2539 956 2616 qui
984 2538 1015 2596 in
1043 2535 1090 2596 bis
1110 2554 1173 2596 car·

208 2626 340 2686 minibus
370 2626 515 2687 lectiones
543 2645 631 2705 saepe
660 2644 675 2685 a
704 2625 830 2704 reliquis
860 2624 945 2685 libris
978 2625 1111 2685 diversas
1143 2636 1174 2686 et

208 2733 258 2775 eas
290 2733 350 2775 non
370 2733 521 2794 nunquam
537 2714 684 2793 meliores,
702 2713 751 2774 hic
771 2713 831 2774 illic
846 2722 946 2775 autem
960 2717 1060 2775 minus
1079 2713 1173 2775 bonas

207 2802 345 2883 praebet:
372 2805 541 2865 accuratius
565 2802 753 2863 describetur
776 2805 806 2863 in
830 2804 1013 2882 praefatione
1038 2803 1173 2864 fasciculi

208 2892 341 2954 alterius.
377 2891 581 2952 Praelationes
604 2891 640 2952 ad
665 2889 728 2953 cl
754 2902 784 2952 et
806 2889 827 2952 2
851 2893 881 2953 R
905 2894 1028 2974 omittit3
1051 2911 1107 2952 nec
1130 2900 1172 2953 ta·

207 2999 276 3041 men
303 2982 370 3042 ideo
399 2989 556 3060 suspectae
585 2989 668 3063 sunt,
696 2999 764 3041 cum
792 2980 922 3042 babeant
950 3000 1000 3042 eas
1030 2990 1061 3042 et
1088 2983 1119 3042 E
1143 2991 1173 3042 et

208 3068 270 3130 alii:
299 3078 404 3131 auctor
427 3088 549 3149 quoque
577 3071 647 3130 licto
670 3071 701 3130 in
724 3069 772 3130 his
796 3088 828 3130 se
851 3072 972 3131 nomine
995 3072 1096 3151 inlert,
1121 3072 1173 3149 qui

208 3157 333 3220 Ovidius
356 3158 434 3220 Naso
458 3158 560 3219 cluere
583 3160 683 3238 gestit
729 3158 868 3220 Ceterum
893 3154 1042 3221 ‘Ovidius'
1065 3159 1115 3220 ille
1139 3178 1172 3220 se

207 3249 307 3326 ipsum
331 3250 357 3309 si
380 3248 426 3309 dis
449 3247 547 3327 placet
574 3247 711 3308 versibus
738 3250 844 3327 primis
868 3245 1039 3325 ‘Verpilius
1061 3267 1172 3325 mopuo

207 3333 366 3413 quantum'
389 3356 453 3417 sqq.
478 3339 625 3418 imitatum
653 3338 696 3397 sic
725 3339 859 3398 enimin
883 3337 1033 3399 Remediis
1061 3339 1171 3398 amoris

208 3423 274 3488 395
284 3446 327 3506 sq.
347 3427 471 3508 legitur:
498 3426 625 3487 Tantum
643 3444 675 3487 sc
693 3428 779 3487 nobis
798 3429 878 3502 elepi
895 3430 1006 3489 debere
1021 3426 1172 3504 fatentur,

212 3517 364 3590 Quantum
395 3517 527 3594 Verpilio
555 3518 654 3577 nobile
684 3518 772 3576 debet
799 3533 876 3592 epos.
906 3549 951 3560 --
978 3515 1173 3600 Monosticha,
