2642 3922
409 181 549 238 CODIGIS
568 180 796 238 SALMASIANI.
1046 178 1089 245 93

127 353 233 433 Dicite,
256 350 336 430 quod
360 350 476 412 lacinus
500 351 693 411 commissum
716 367 776 410 non
800 350 840 409 sit
862 347 900 408 ob
923 367 1039 410 aurum.

57 455 107 505 200
125 442 208 503 Auro
231 441 316 501 ardet
339 439 458 522 Glauce,
481 438 579 500 Danae
602 439 808 517 corrumpitur
830 455 913 518 auro,

124 531 206 592 Auro
232 532 342 590 emitur
364 527 482 610 Pluton,
504 527 688 607 Phlegethon
712 526 936 588 transcenditur
959 544 1041 607 auro,

9 638 10 645 ¹
125 619 269 680 Proditur
292 618 487 699 Amphiaraus
511 625 601 697 atque
623 616 735 678 Hector
759 616 897 677 venditur
921 633 1008 696 euro3

124 708 190 770 Hoc
212 708 316 770 Medea
339 724 423 786 maga
447 716 501 787 est,
524 723 649 786 serpens
673 704 751 785 vigil,
774 704 844 766 exul
865 704 963 784 lason,

125 797 189 859 Hoc
212 797 291 858 Mida
314 798 443 876 ieiunus,
465 794 550 857 Paris
573 795 664 876 ultus,
686 792 878 875 †naulragus
901 792 1010 876 Helles,

8 886 9 929 f
57 899 107 949 200
126 886 191 948 Hoc
214 881 363 971 †snpiens
386 885 485 966 Furia,
507 883 608 945 Venus
631 884 739 966 invida,
761 882 836 946 luno
860 891 993 965 cruenta,

8 990 10 1115 y
126 976 330 1056 Hippomenes
353 993 445 1036 cursu
468 974 561 1053 velox,
583 972 641 1034 hoe
663 973 747 1034 tarda
770 972 905 1035 Atalante
928 982 984 1033 est.

127 1065 242 1126 Aurum
266 1065 346 1144 quod
370 1065 465 1143 nigris
487 1062 626 1124 Pactolus
650 1063 757 1123 miscet
779 1061 908 1143 harenis,

128 1153 215 1225 Quod
239 1153 342 1215 condit
363 1152 462 1233 tellus,
485 1154 581 1214 tristis
604 1152 684 1231 quod
707 1151 785 1213 celat
806 1152 951 1232 Avernus,

127 1242 214 1314 Quod
238 1243 352 1304 ferrum
375 1242 516 1323 intundit,
538 1241 671 1321 liquidus
695 1241 775 1321 quod
799 1241 919 1302 conficit
941 1242 1029 1321 ignis,

56 1343 109 1393 210
127 1331 214 1403 Quod
237 1332 321 1394 furor
345 1333 481 1412 exposcit
502 1331 633 1410 demens,
657 1330 737 1409 quod
760 1328 871 1409 praelia
894 1327 1019 1410 †saeva,

100 1421 102 1424 ’
128 1420 214 1492 0000
237 1429 357 1500 raptum
381 1422 519 1500 queritur
542 1419 674 1500 coluber,
697 1418 776 1499 quod
799 1416 912 1479 Punica
934 1420 1019 1497 virgo

128 1513 278 1571 amissum
300 1509 423 1592 plangit,
446 1509 534 1589 Tyria
558 1507 744 1569 damnandus
766 1509 797 1567 in
822 1506 887 1567 aula

128 1598 300 1680 Pygmalion
323 1617 410 1660 caeso
434 1597 513 1678 quod
536 1597 636 1676 perdit
659 1596 762 1657 fraude
787 1595 921 1677 Siehaeo,

129 1687 214 1758 Quod
238 1697 336 1750 tutum
360 1706 417 1749 nee
440 1685 551 1765 templa
574 1692 677 1746 tenent
699 1703 755 1746 nee
777 1687 918 1764 pauperis
941 1685 1038 1746 ardor.

7 1852 8 1929 l
523 1855 705 1929 [Beluietio]

7 1958 9 2033 ῗ
58 1984 113 2036 010
175 1969 245 2044 ‘Qui
268 1980 398 2054 raperet,
421 1972 533 2033 donum
557 1970 676 2050 templis
700 1988 759 2031 non
783 1964 934 2031 redderet'
959 1970 1064 2049 inquit.

131 2061 243 2143 Sentio,
267 2080 342 2141 quas
365 2060 452 2122 nobis
475 2060 619 2141 subrepto
642 2067 802 2140 praeparet
823 2077 897 2119 auro

130 2151 260 2213 Callidus
284 2150 436 2229 ambagesa
459 2151 638 2230 templorum
662 2148 844 2210 abscondere
868 2147 965 2208 lurem
1068 2172 1099 2226 p,
1111 2159 1147 2212 56

130 2239 260 2302 Cultoris
283 2247 410 2319 temptat
433 2238 519 2300 donis
543 2247 573 2300 et
597 2238 688 2300 divite
711 2256 804 2299 censu

91 2343 94 2347 ’
130 2328 307 2409 Pauperiem
330 2328 447 2389 foedam
470 2327 618 2389 scelerum
642 2345 822 2407 causamque
845 2324 991 2386 malorum

59 2431 114 2484 220
132 2418 265 2480 Excusat
286 2417 400 2499 largus5
423 2435 479 2477 nos
502 2426 601 2478 autem
624 2418 792 2478 insistimus
815 2416 894 2476 inde.
1015 2476 1017 2481 .

131 2506 196 2568 Hoc
219 2507 287 2568 ideo
311 2508 421 2568 iactum
446 2514 500 2587 est,
524 2514 557 2567 ut
581 2507 694 2566 crimen
718 2506 855 2585 lraugere
878 2504 983 2583 possis.

205 2665 256 2714 199
276 2659 398 2716 comissis
416 2661 445 2715 A
513 2664 565 2713 200
574 2676 628 2728 sqq.
648 2659 776 2714 imitatur
797 2658 981 2714 0000000000
999 2673 1013 2711 0
1033 2698 1039 2711 .
1059 2655 1097 2712 aa
1131 2698 1135 2708 .

132 2731 283 2788 Fedola'atm
325 2736 377 2786 200
394 2731 465 2785 Ano
483 2731 511 2785 A
549 2728 761 2784 000001000οΑ
815 2734 866 2785 201
885 2673 1097 2799 0101001030-

131 2805 183 2858 ton
200 2803 229 2857 A
282 2808 334 2857 202
354 2801 505 2856 smfiareus
523 2801 552 2855 A
588 2801 685 2872 nique]
706 2801 735 2854 ei
748 2801 784 2855 H
835 2806 886 2856 203
904 2799 948 2854 Ho
962 2800 991 2854 A
1020 2798 1097 2870 uigel

133 2874 162 2928 A
247 2873 428 2929 2041010000
446 2874 475 2928 A
519 2870 593 2926 alius
612 2872 641 2926 A
682 2871 878 2942 naufrageque
896 2873 942 2927 ecl
959 2871 1098 2943 naufraga

134 2962 164 3000 es
182 2943 265 3000 Helle
283 2946 318 3000 H
334 2943 506 3016 (naufragas
520 2942 555 2999 L.
571 2943 679 3013 Moeri.)
697 2942 799 2996 naufre
820 2959 838 2996 a
855 2942 938 2997 Helle
958 2945 1098 3016 lepeodwm

132 3019 303 3086 0100100,οᾒ
323 3034 344 3075 e.
364 3021 426 3082 204,
441 3020 474 3069 26
535 3019 586 3068 200
606 3013 732 3084 sapiens]
751 3013 792 3067 Pa
817 3030 848 3068 os
867 3014 902 3068 H
917 3016 961 3068 esi
978 3017 1043 3071 add.
1059 3014 1098 3082 H,

132 3090 168 3156 ef.
188 3090 226 3143 ad
243 3105 271 3143 0.
286 3092 321 3142 89
357 3086 449 3141 inuita
467 3086 495 3141 A
559 3083 840 3154 2061000010οοοΑ
911 3089 962 3138 207
981 3085 1098 3153 0000010

132 3160 176 3228 A,
198 3160 328 3216 000011ι
418 3162 470 3213 208
494 3156 580 3211 tellus
603 3174 662 3228 epo,
686 3157 722 3223 ef.
746 3156 817 3211 Hor.
840 3172 924 3211 earne.
947 3155 1005 3209 ΙΙΙ
1024 3161 1049 3224 0,
1063 3162 1098 3211 40

135 3247 236 3284 aurum
254 3273 261 3287 .
278 3273 284 3285 .
303 3246 367 3284 eum
384 3231 461 3284 derra
479 3227 562 3284 00101.
598 3227 692 3301 feinus
709 3226 739 3280 A
757 3227 841 3280 funus
859 3226 893 3280 H
913 3223 1037 3280 Phineus
1054 3228 1100 3281 nel

133 3300 261 3357 Phoenix
281 3303 427 3372 Quiolwrot
444 3299 564 3355 Hermus
582 3300 724 3354 Baeltreao
788 3302 841 3351 210
860 3312 929 3351 seue
945 3297 986 3353 A:
1005 3299 1101 3351 versei

132 3375 240 3429 wnieio
290 3377 341 3427 211
361 3371 455 3441 querit
472 3372 501 3426 A
518 3369 645 3439 queritur
662 3370 703 3438 H,
721 3371 792 3424 coni.
810 3369 907 3424 Bonan
956 3371 1009 3424 212
1027 3366 1100 3437 lyris

134 3445 164 3499 A
213 3448 265 3497 210
284 3444 360 3517 sicpo
378 3444 407 3498 A
442 3441 597 3512 Refutetio‚
615 3443 651 3509 cf.
665 3443 743 3497 edu.
759 3445 819 3509 100,
838 3440 938 3495 addidi
988 3438 1099 3493 21010-

135 3514 247 3582 quidA
295 3520 348 3570 210
367 3522 435 3583 quas
452 3515 481 3569 A
529 3518 582 3568 217
602 3513 704 3584 000000
721 3512 880 3582 tempolord
893 3511 921 3565 A
970 3515 1023 3565 210
1042 3527 1100 3568 000-

134 3585 225 3641 leram
243 3586 272 3641 A
325 3591 376 3640 221
394 3602 492 3655 posses
509 3586 543 3640 H
