2646 3920
563 197 772 254 PRAEFATIO
1094 198 1148 255 vtt

179 366 377 447 angefdhrten
396 363 497 427 Zeilen
521 364 598 428 doch
621 364 758 426 wirltlieh
781 365 866 428 nicht
888 361 977 428 sind'
1023 362 1147 429 ‘Antho-

179 451 286 537 logiae’
313 456 434 515 nomine
461 453 504 515 illi
531 456 563 515 in
590 473 713 535 pravam
744 456 917 535 opinionem
948 456 1031 518 ducti
1064 464 1145 540 sunt,

180 545 260 627 quod
288 563 397 605 nomen
424 562 441 604 a
464 542 635 605 Burmanno
664 551 803 605 exortum
825 546 895 607 huie
918 548 1005 625 operi
1027 556 1061 608 ut
1084 545 1146 606 diri

179 634 410 713 haudquaquam
432 641 535 712 aptum
559 642 613 694 est.

240 722 368 785 Omnino
388 724 480 800 igitur
498 722 590 783 huius
607 721 802 802 Anthologiae
821 725 898 784 ratio
922 723 996 784 haee
1019 726 1086 805 erit,
1109 733 1144 785 ut

181 812 318 874 volumen
335 813 420 891 prius
438 813 570 872 carmina
589 813 742 873 contineat
759 813 790 872 in
809 810 895 874 libris
913 830 1002 873 mann
1021 814 1145 893 scriptis

178 909 309 981 servata,
337 919 413 980 qnos
441 908 586 979 quantum
613 910 719 979 potero
747 919 784 961 ex
816 900 1006 962 saeculorum
1039 901 1145 963 ordine

179 990 339 1053 collocabo.
389 990 504 1050 Prioris
530 997 631 1051 autem
658 989 794 1051 fasciculi
823 1008 893 1069 pars
925 993 1053 1051 maxima
1082 989 1144 1051 Sal·

179 1081 305 1142 masiani
331 1077 402 1139 libri
429 1077 612 1140 carminibus
640 1087 818 1160 occupatur,
842 1081 894 1159 qui
917 1078 1046 1160 syllegae
1070 1082 1144 1140 anti·

180 1172 281 1249 quitus
305 1170 363 1229 iam
387 1169 542 1228 institutae
565 1169 725 1246 imaginem
755 1185 827 1247 prae
851 1187 884 1229 se
907 1169 1009 1229 111111
1032 1170 1144 1248 optimo

178 1262 244 1319 inre
268 1276 323 1337 pro
346 1256 538 1317 fundamento
558 1259 658 1335 operis
677 1256 832 1318 habendus
851 1264 907 1319 est.
934 1256 1035 1318 Altero
1054 1257 1145 1318 huius

179 1346 338 1408 voluminis
361 1344 504 1406 fasciculo
524 1348 655 1407 carmina
679 1347 711 1406 in
734 1343 799 1406 aliis
827 1344 912 1406 libris
941 1346 1012 1407 inde
1040 1365 1057 1407 a
1082 1364 1146 1407 sae·

178 1436 246 1497 culo
264 1453 344 1495 nono
363 1442 479 1495 serrata
498 1434 801 1515 comprehendentur,
824 1433 926 1515 ibique
947 1434 998 1496 illa
1017 1453 1146 1516 quoque,

178 1543 307 1603 quorum
330 1523 431 1585 nullus
454 1522 543 1584 hodie
567 1524 660 1585 codex
688 1525 820 1604 scriptus
843 1531 984 1603 superest
1007 1541 1144 1603 quaeque

177 1614 267 1675 dubia
291 1613 400 1674 adeove
424 1615 528 1691 spuria
551 1613 709 1674 iudicanda
732 1619 812 1694 sunt,
835 1621 987 1692 ponentur.
1009 1611 1056 1673 vel
1079 1612 1144 1673 illn-

178 1702 362 1764 strabnntnr.
395 1701 512 1764 indices
535 1709 691 1781 praeterea
714 1700 975 1782 locupletissimos,
994 1704 1047 1781 qui
1065 1700 1146 1762 illam

179 1810 298 1871 qnoque
331 1790 492 1852 utilitatem
524 1809 643 1852 omnem
676 1790 880 1872 praebebunt,
916 1810 1005 1871 qnam
1038 1790 1144 1852 ordine

178 1883 345 1942 carminum
364 1898 380 1939 a
398 1878 492 1941 rebus
511 1880 669 1958 desumpto
687 1882 806 1960 priores
825 1879 955 1942 editores
977 1881 1146 1941 assecuturi

178 1978 272 2043 erant,
291 1968 453 2030 fasciculus
470 1967 521 2030 ille
540 1969 671 2031 habebit.
708 1967 798 2047 [Cum
815 1969 892 2031 liber
910 1987 997 2030 meus
1016 1988 1040 2030 1.
1056 1965 1143 2032 1869

177 2068 209 2119 11
234 2055 461 2120 1870111111
489 2058 639 2120 fasciculis
666 2058 837 2140 prodiisset,
869 2068 972 2139 postea
1000 2061 1145 2119 Aemilius

176 2148 335 2209 Baehrens
354 2143 525 2209 ‘Poetarum
544 2147 719 2209 Latinorum
743 2142 905 2210 minorum'
929 2165 1040 2227 corpus
1064 2165 1145 2208 com·

177 2238 288 2318 posuit,
310 2237 343 2297 in
366 2239 453 2297 cuius
476 2239 566 2297 tomis
589 2255 606 2296 a
629 2238 726 2317 primo
745 2230 863 2321 (1879)
888 2237 1038 2316 usquead
1059 2238 1144 2315 quin·

148 2396 153 2405 q
178 2335 243 2386 tum
267 2319 398 2406 (1883),
425 2327 552 2386 maxime
580 2343 650 2385 1111
678 2328 710 2386 in
734 2333 840 2404 quarto
864 2319 903 2405 (1.
930 2322 1029 2405 1882)
1053 2323 1145 2384 huius

177 2413 364 2494 anthologiae
387 2416 518 2474 earmina
541 2416 655 2478 insunt.
701 2412 730 2474 Is
753 2432 823 2474 vero
846 2422 1017 2492 temporum
1040 2412 1145 2472 ordine

177 2512 295 2565 1111111
314 2511 483 2582 poematum
503 2502 639 2564 ordinem
657 2504 775 2563 institui
794 2500 865 2563 vult.
902 2500 961 2572 Qui
979 2500 1053 2562 ordo
1075 2518 1144 2562 eum

176 2594 209 2653 in
236 2591 395 2672 permultis
423 2610 527 2652 eorum
555 2610 680 2672 prorsus
709 2594 845 2653 incertus
873 2592 924 2669 sit,
955 2590 1008 2651 ubi
1036 2592 1081 2651 via
1109 2608 1145 2651 11

75 2684 79 2688 ’
177 2685 294 2743 ratione
321 2679 396 2741 nihil
418 2681 560 2762 profecit,
592 2680 629 2742 ad
652 2680 810 2742 arbitrium
834 2688 864 2741 et
891 2678 1046 2741 libidinem
1074 2696 1145 2759 pro·

177 2788 300 2849 gressus
328 2777 384 2830 est.
428 2769 552 2831 Accedit
584 2770 663 2849 quod
693 2768 869 2831 Salmasiani
905 2768 974 2830 libri
1011 2771 1143 2830 carmina

176 2870 346 2940 temporum
375 2857 479 2918 ordine
504 2857 639 2939 neglecto
664 2878 722 2920 nna
745 2861 824 2920 serie
847 2860 958 2940 posuit,
981 2861 1021 2918 ita
1044 2865 1145 2919 tamen

176 2957 211 3010 ut
241 2948 386 3028 quaedam
415 2941 455 3030 (e.
480 2965 505 3008 1.
529 2947 722 3027 Pervigilinm
746 2943 885 3030 Veneris)
913 2966 949 3008 ex
978 2966 1031 3008 sua
1065 2949 1144 3007 serie

177 3045 301 3116 excepta
323 3038 355 3097 in
388 3036 500 3097 alienos
528 3036 610 3097 locos
643 3036 827 3100 detruderet.
871 3037 921 3097 Sic
944 3037 1049 3097 ordine
1078 3053 1142 3096 car·

177 3129 293 3187 minum
316 3126 352 3187 ad
376 3125 530 3186 libidinem
552 3133 583 3186 et
601 3128 739 3187 instituto
759 3132 789 3186 11
807 3134 950 3205 corrupto
975 3124 1018 3185 nil
1040 3125 1145 3185 docuit

176 3217 235 3276 nisi
259 3232 328 3276 eom
351 3223 521 3293 temporum
545 3215 680 3276 ordinem
704 3223 787 3276 recte
810 3216 875 3275 fieri
898 3232 958 3274 non
981 3207 1094 3294 posse]

244 3304 305 3365 lam
325 3321 404 3364 nuno
424 3321 495 3363 vero
514 3306 626 3383 gratias
645 3321 733 3382 agere
752 3305 825 3364 11111
848 3303 1030 3364 doctissimis
1054 3301 1144 3362 huius

176 3391 312 3454 fasciculi
350 3390 537 3453 adiutoribus
573 3393 656 3454 licet:
692 3391 840 3454 Alfredo
877 3390 1010 3451 Holder
1048 3392 1143 3450 amico

176 3480 318 3560 Badensi,
350 3482 403 3560 qui
434 3481 584 3544 indefessa
617 3491 647 3543 et
680 3500 770 3562 opera
805 3488 835 3542 11
867 3482 995 3541 amicitia
1024 3480 1144 3542 codices

175 3569 389 3632 Durlacensem
413 3568 445 3631 F.
465 3567 508 3632 36
532 3580 562 3632 11
585 3570 743 3632 Vossianos
769 3569 818 3631 fol.
840 3566 902 3630 111
927 3576 958 3630 11
982 3578 1078 3648 quart.
1098 3564 1141 3630 86
