2654 3926
418 218 557 275 conteis
577 220 804 275 SALMASIANL
1031 221 1097 285 275

135 385 256 464 Spectat
279 385 389 446 arando
413 404 505 446 novos
529 388 655 465 agrestis
679 386 767 447 turha
790 386 907 447 labores

178 474 332 555 Nautaque
356 475 393 534 de
416 475 521 554 pelago
544 475 650 554 gaudia
674 478 764 536 mixta
789 477 876 536 videt.

99 585 114 633 5
134 562 293 625 Fecundus
317 564 357 624 nil
382 564 481 643 perdit
504 583 582 645 ager,
606 565 673 643 plus
698 566 831 643 germina
855 574 1004 646 creseunt,

177 652 254 713 Dum
277 663 415 714 metuunt
438 671 542 713 omnes
565 654 613 714 iric
638 672 690 714 sua
715 655 773 713 lata
797 654 886 713 serae.

258 926 307 979 De
331 923 441 993 sigillo
464 828 646 995 cupidiffl
664 939 772 994 equas
795 924 973 983 fundentis
1049 897 1151 992 {filij

132 1040 203 1119 lgne
228 1042 382 1103 salutifero
406 1042 530 1104 Veneris
554 1062 629 1123 puer
653 1046 750 1104 omnia
774 1044 927 1105 flammans

176 1130 234 1190 Pro
258 1131 373 1192 facibus
397 1135 533 1211 proprias
557 1141 620 1193 arte
644 1135 795 1194 ministrat
818 1152 917 1212 aquas.

581 1308 646 1374 348

231 1406 280 1460 De
302 1405 465 1475 Neptuno
489 1407 525 1462 in
549 1419 739 1462 marmoreo
763 1407 861 1462 alveo
880 1420 989 1475 eques

531 1494 698 1551 fundente
1047 1467 1149 1560 tritt:

130 1593 224 1664 uuam
248 1595 363 1674 melior,
386 1595 534 1676 Neptune,
557 1604 609 1656 tuo
634 1614 700 1656 sors
723 1598 779 1656 ista
803 1595 932 1656 tridente
956 1604 1015 1656 est:
1054 1610 1148 1676 p.177

174 1682 246 1743 Post
269 1683 392 1762 pelagus
416 1684 518 1744 dulces
541 1684 590 1744 hie
614 1684 668 1744 tibi
691 1684 800 1749 dautur
823 1683 930 1763 aquae!

579 1860 644 1924 349

295 1957 344 2010 De
366 1959 472 2024 puteo
497 1961 614 2012 devoto
638 1957 673 2013 iu
696 1961 813 2014 monte
837 1958 932 2014 arido
1022 1930 1148 2024 3411144.

129 2054 215 2115 nunc
240 2057 307 2134 quis
331 2074 390 2116 nou
414 2058 517 2118 eredat
540 2060 613 2137 ipsis
638 2060 708 2119 dare
734 2059 872 2139 Syrtibus
897 2078 1007 2139 amnes,

173 2142 231 2214 Qui
254 2145 336 2205 dedit
359 2148 475 2225 ignotas
499 2149 614 2207 viscere
636 2151 748 2208 montis
771 2146 888 2228 aquas?

579 2320 644 2385 350

333 2420 381 2473 De
404 2417 503 2487 equis
527 2418 645 2475 oelidis
669 2417 887 2475 dunensibus
1026 2390 1146 2492 (Βῂῗίὲἷῖ

128 2517 227 2579 Ardua
252 2527 407 2580 montanos
429 2521 509 2581 inter
532 2519 718 2598 splendentia
743 2519 827 2581 lucos

173 2607 307 2669 Culmina
330 2619 361 2669 et
383 2609 531 2687 indigenis
555 2626 635 2669 utine
660 2610 817 2670 metuenda
841 2608 923 2688 loris,

127 2761 253 2832 insignes
277 2762 300 2818 S
324 2761 472 2831 indigenas
493 2763 538 2818 nel
560 2761 703 2831 ingenitas
722 2762 858 2817 Heinsius
881 2761 994 2831 ignotas
1018 2763 1092 2818 Bur·

126 2851 246 2890 mannus
301 2833 424 2887 3nob0s
443 2834 472 2887 A
508 2833 605 2887 labore
622 2835 650 2888 A
704 2832 820 2887 Aiuxto
833 2833 856 2889 S
871 2832 948 2886 iusta
961 2834 1093 2889 Pithoeus

126 2906 200 2961 uidit
213 2907 242 2959 A
297 2904 411 2959 5Foee.
425 2905 511 2960 Binet
565 2906 711 2976 timetunt
728 2904 757 2959 A
793 2906 889 2958 sontes
907 2906 1062 2960 Baehrens!

198 2976 266 3032 347.
297 2982 311 3028 1
336 2974 483 3030 solutifero
501 2977 530 3030 A
592 2975 755 3043 2proprius
774 2976 797 3031 S
817 2974 946 3044 probrins
970 2979 1044 3030 artes
1063 2976 1092 3031 A

125 3064 259 3118 properas
274 3047 409 3101 Heinsius
426 3046 548 3115 propriis
563 3047 696 3117 Meyerns
713 3046 828 3116 proprio
846 3050 908 3101 orte
926 3048 1067 3102 Baehrens

197 3116 265 3174 348.
285 3119 315 3171 in
328 3118 467 3172 marmore
482 3117 575 3172 calido
589 3120 617 3173 A
635 3117 665 3169 in
679 3134 835 3171 marmoreo
853 3118 935 3173 alueo
949 3120 1091 3174 Baehrens

126 3190 167 3245 De
181 3189 216 3245 N.
231 3205 388 3245 marmoreo
408 3205 432 3244 a.
447 3189 466 3243 f.
482 3189 505 3245 S
537 3188 688 3242 fundentes
703 3192 727 3257 (a
741 3191 792 3244 del.
803 3207 837 3245 nt.
847 3195 911 3259 ree.)
930 3190 958 3244 A
996 3195 1010 3242 1
1026 3192 1090 3243 tuos

125 3264 153 3317 A
189 3260 307 3316 tridenti
325 3260 354 3315 A
394 3264 438 3314 est
456 3260 549 3315 ons
605 3258 703 3313 2heie
721 3261 839 3315 Binetns
857 3262 902 3332 (ete
920 3261 973 3331 S?)
1008 3261 1089 3315 Oeen·

124 3351 192 3389 nun
209 3334 254 3388 nel
270 3333 301 3387 F
305 3333 414 3387 lunium
432 3333 550 3401 aliquem
568 3332 640 3399 falso
654 3348 709 3401 pro
723 3332 854 3402 Neptuno
868 3334 993 3389 hobitum
1006 3337 1090 3402 putot

125 3406 228 3460 ffehen

196 3477 264 3531 343.
290 3474 333 3529 De
356 3476 441 3544 puteo
465 3477 602 3528 exeaunto
626 3472 656 3526 in
679 3472 783 3527 montis
806 3473 874 3543 iugo
893 3476 916 3531 S
988 3482 1002 3529 1
1023 3473 1090 3539 Quia

124 3547 199 3601 hune
217 3547 245 3601 A
283 3544 374 3614 sirtib;
392 3548 421 3600 A
456 3544 613 3599 'tuiaoeri
631 3546 659 3599 A
677 3544 811 3601 uisereS

196 3617 265 3676 350.
284 3616 469 3672 Cernensibus
487 3617 525 3685 A,
543 3634 611 3673 eorr.
627 3618 824 3674 Meermannns

876 3707 928 3760 18*
