2646 3920
217 167 304 221 XLVI
593 165 807 221 PRAEFATIO.

219 333 358 413 quodque
378 332 417 394 ih.
439 330 494 414 16,
528 333 579 394 ubi
608 334 733 409 flabella
761 331 903 393 Heinsius
932 339 1014 393 recte
1046 334 1185 414 coniecit,

215 423 381 500 sabilleio
404 425 446 504 Α,
470 423 586 500 sabella
609 425 641 483 in
660 423 699 502 B,
729 422 820 498 saule
843 423 875 482 in
905 423 932 481 V
951 428 1039 482 extat.
1086 419 1185 483 Patnit

217 514 310 591 igitur
333 529 464 592 campus,
493 529 672 591 quamquam
696 528 756 571 non
779 513 900 591 ingens,
931 512 1050 589 ingenia
1079 529 1184 590 exper-

217 603 304 680 turis‚
323 619 452 680 cumque
471 599 563 662 multa
582 600 709 661 futiliter
728 607 956 681 temptarentur‚
975 599 1067 662 multa
1081 607 1182 662 tamen

218 689 287 751 inde
306 708 322 751 a
342 689 486 769 Scaligeri
503 689 621 750 Pithoei
641 688 776 750 Salmasii
794 687 911 749 Heinsii
929 690 1010 749 curis
1029 689 1183 769 praeclare

218 779 373 841 emendata
396 786 476 840 sunt.

284 867 477 929 Coniecturas
505 873 604 927 autem
632 875 663 928 et
690 866 814 927 aliorum
835 875 865 927 et
893 884 974 927 meas
1002 883 1180 927 commemo·

217 959 280 1019 ravi
299 975 349 1018 eas
371 963 496 1037 tantum,
520 973 595 1035 quae
617 965 668 1016 aut
691 955 860 1035 probabiles
879 964 930 1016 aut
948 956 1045 1034 aliqua
1064 957 1181 1016 ratione

217 1044 425 1107 memorabiles
444 1048 523 1106 visae
543 1052 622 1105 sunt.
668 1043 722 1105 His
745 1045 839 1124 signis
860 1042 894 1122 []
916 1043 1005 1105 rerba
1025 1042 1061 1104 ah
1081 1062 1181 1104 emen·

217 1134 356 1196 dantibus
389 1134 487 1194 addita
515 1135 748 1213 circumscripsi.
793 1132 935 1194 Codicum
965 1131 1098 1212 [praeter
1130 1151 1182 1193 eos

219 1242 294 1305 quos
318 1222 439 1284 disertis
463 1222 562 1283 verbis
582 1222 700 1301 excepi]
724 1222 869 1283 lectiones
892 1240 996 1283 omnes
1018 1229 1179 1302 praetere

217 1323 248 1375 et
271 1332 309 1375 ue
331 1314 411 1373 inter
439 1330 471 1372 se
504 1319 683 1373 commutata
716 1329 805 1391 quam
837 1310 1063 1390 diligentissime
1095 1314 1181 1390 potui

216 1404 341 1463 enotavi.
388 1400 558 1462 Carminum
584 1401 796 1480 inscriptiones
820 1419 856 1461 ex
880 1399 1034 1461 codicibus
1057 1402 1178 1460 retinui.

216 1492 240 1552 Α
264 1491 360 1570 poetis
383 1492 457 1570 ipsis
481 1509 530 1550 eas
555 1493 712 1568 provenire
735 1507 796 1550 non
819 1489 885 1549 dico
910 1482 961 1573 (cf.
986 1507 1011 1550 e.
1035 1508 1060 1549 o.
1084 1481 1178 1571 269);

216 1579 375 1642 retinendo
393 1586 493 1640 autem
513 1586 543 1639 et
566 1579 706 1640 editionis
725 1580 834 1639 rationi
853 1586 884 1639 et
901 1596 1003 1640 rerum
1027 1577 1178 1639 interdum

216 1670 423 1750 perspicuitati
446 1666 661 1729 consulendum
686 1670 794 1747 putari.

285 1757 405 1834 [Paucis
424 1756 583 1818 dicendum
602 1763 649 1817 est
672 1757 708 1817 dc
733 1764 796 1818 arte
820 1758 924 1817 critica
947 1758 977 1816 iu
1002 1753 1177 1835 Symphosio

216 1841 257 1929 (c.
277 1840 358 1929 286)
386 1845 560 1906 exercenda.
606 1845 640 1906 ln
665 1863 724 1925 quo
748 1846 932 1906 recensendo
952 1863 1026 1924 quas
1049 1847 1179 1905 rationes

218 1946 339 1998 secutus
364 1937 421 1996 sim
444 1953 512 1996 cum
536 1937 594 1994 iam
618 1953 645 2013 p.
666 1932 728 1995 221
742 1952 785 2013 sq.
803 1937 1017 2015 exposuerim,
1045 1933 1120 1994 addo
1144 1933 1177 1994 li-

216 2026 372 2086 brosdo
391 2023 482 2086 dubi
501 2023 543 2084 nil
562 2024 599 2083 de
618 2026 662 2083 eis
681 2023 818 2085 adnotavi
837 2031 1009 2084 contextum
1028 2041 1136 2103 meum,
1154 2022 1177 2103 β

215 2114 267 2176 ubi
300 2113 374 2175 nihil
404 2113 466 2174 dixi
498 2113 704 2173 recensionem
727 2114 757 2172 B
785 2113 879 2191 sequi
925 2112 1125 2173 Reoeusiones
1148 2113 1177 2172 D

216 2214 246 2265 et
269 2205 298 2264 B
319 2202 354 2263 ab
378 2205 443 2281 ipso
472 2208 559 2281 poeta
592 2202 741 2280 proiectas
774 2201 844 2262 olim
877 2200 951 2282 dixi3
984 2200 1062 2280 quod
1096 2219 1176 2262 nunc

214 2312 274 2354 nou
295 2302 353 2353 tam
377 2292 504 2352 fidenter
527 2291 656 2370 profero,
680 2308 777 2370 neque
802 2299 901 2350 tamen
920 2289 1101 2351 Baehrensio
1125 2291 1178 2368 qui

216 2402 252 2442 ex
280 2377 450 2442 ‘Octaviani
481 2375 665 2458 anthologia'
698 2374 748 2461 (ex
777 2373 822 2462 Α)
852 2383 980 2458 genuina
1009 2379 1178 2459 Symphosii

216 2470 305 2531 verba
329 2480 360 2532 et
382 2470 495 2549 glossas
519 2470 739 2530 contaminante
762 2468 816 2529 has
839 2468 958 2529 demum
986 2470 1177 2529 recensiones

215 2561 379 2621 disiunctas
398 2559 479 2640 dicit,
505 2557 658 2636 astipulari
679 2575 811 2638 possum,
831 2559 941 2637 quippe
961 2558 1012 2635 qui
1030 2556 1066 2617 ad
1085 2550 1178 2617 ‘viros

215 2649 319 2711 doctos
338 2648 450 2709 saeculi
468 2642 598 2726 septimi'
618 2655 652 2707 ut
669 2649 877 2708 recensiounm
897 2647 1024 2706 duarum
1039 2656 1177 2706 auctores

214 2739 375 2817 confugere
396 2745 517 2797 coactus
536 2738 583 2817 sit,
605 2754 673 2796 cum
693 2743 793 2796 tamen
813 2734 930 2795 saeculo
950 2737 1076 2814 septimo
1096 2734 1177 2795 docti

214 2831 278 2889 eius
307 2828 425 2906 generis
453 2825 565 2886 luerint
597 2842 723 2904 prorsus
755 2823 836 2885 nulli.
882 2823 1029 2902 Equidem
1058 2826 1083 2884 si
1115 2842 1175 2884 non

214 2915 340 2995 abipso
367 2923 469 2994 poeta,
497 2923 526 2975 at
554 2921 636 2975 certe
664 2912 700 2973 ab
729 2912 902 2993 aequalibus
930 2914 995 2973 eius
1019 2912 1065 2972 vel
1092 2911 1176 2973 brevi

214 3015 296 3086 post,
329 3023 397 3065 oum
422 3006 486 3066 eius
514 3005 678 3083 aenigmata
706 3004 859 3063 etiamtum
884 3003 1009 3061 maxime
1032 3003 1176 3082 vigerent,

212 3094 302 3155 verba
330 3093 453 3155 ludendi
480 3111 568 3153 causa
596 3084 702 3175 (idque
730 3091 880 3151 interdum
904 3099 933 3151 et
962 3093 1120 3170 praecipue
1143 3093 1174 3151 in
1254 3152 1257 3161 ,
1309 3088 1310 3097 ’

214 3187 244 3245 B
272 3201 331 3246 non
364 3187 436 3245 satis
468 3175 610 3264 feliciter)
638 3183 792 3241 immutata
820 3181 1071 3258 recensionesque
1101 3198 1175 3258 quae

213 3278 243 3335 iu
268 3277 294 3335 Α
317 3275 546 3353 contaminatae,
575 3272 606 3330 in
634 3271 697 3330 DB
726 3276 879 3350 separatae
908 3277 978 3328 sunt
1006 3276 1086 3329 ortas
1109 3287 1175 3329 esse

213 3361 372 3438 existimo]
