2672 3924
431 238 570 295 conteis
590 235 818 292 SALMASIANI.
1044 231 1109 296 289

192 409 234 469 Te
258 416 399 487 regnante
424 406 475 467 diu
500 405 615 484 fulgent
638 404 824 482 Carthaginis
847 420 941 482 arces,
981 410 982 413 ’

98 512 130 561 20
148 498 222 559 Filia
246 515 334 576 quam
359 499 495 574 sequitur
518 496 635 554 Alianas
658 496 761 573 inpare
786 510 901 572 gressu,

148 588 209 648 Nec
233 588 348 647 meritis
371 603 427 645 nec
450 585 563 644 honore
587 585 692 664 minor,
716 585 765 643 cui
788 580 936 660 plurimus
959 578 1067 639 ardens

148 677 312 755 Regnantis
335 675 462 734 increvit
486 692 577 754 amor,
602 691 689 751 quam
714 689 838 749 surgere
862 671 933 730 iecit

148 765 337 843 Delectisque
360 763 433 823 locis
457 761 566 822 claram
589 757 648 842 [et]
673 758 812 820 vitalibus
836 761 926 838 auris,

150 854 234 926 Quae
257 854 368 913 meruit
391 851 503 911 celsum
529 853 643 911 meritis
668 849 793 910 sufferre
818 857 978 927 regentem.

98 956 130 1004 25
150 943 227 1003 Hinc
251 942 326 1002 freta
350 958 516 1000 marmoreo
541 948 682 1000 resonant
706 937 761 1000 sub
785 941 903 1016 gurgite
927 937 1020 1015 ponti,

151 1032 228 1092 Hinc
252 1030 369 1090 telluris
393 1048 464 1108 opes
488 1029 627 1089 viridanti
651 1030 762 1088 vertice
787 1037 923 1106 surgunt,

151 1120 188 1181 Vt
212 1121 302 1179 maris
327 1128 357 1178 et
380 1128 477 1178 terrae
502 1118 640 1178 dominns
665 1117 823 1197 splendore
847 1116 972 1177 fruatur.

196 1209 270 1268 Nam
294 1207 439 1286 Carthago
465 1226 548 1267 suam
573 1208 682 1267 retinet
706 1225 760 1285 per
784 1205 912 1266 culmina
936 1202 1062 1281 laudem,

152 1298 298 1374 Carthago
323 1299 470 1378 regimen,
494 1298 601 1356 victrix
626 1295 772 1375 Carthago
796 1293 969 1374 triumphat,

99 1400 133 1449 30
153 1386 299 1464 Carthago
323 1386 462 1465 Asdingis
486 1387 632 1465 genetrix,
655 1384 800 1463 Carthago
824 1390 971 1460 coruscat,

153 1475 299 1555 Carthago
323 1475 471 1536 excellens
495 1473 620 1553 Libycas
644 1473 788 1550 Carthago
813 1489 867 1550 per
890 1489 967 1552 oras,

153 1565 299 1643 Carthago
323 1565 438 1645 studiiS,
462 1561 607 1641 Carthago
632 1573 734 1622 ornata
758 1562 917 1640 magistris,

153 1653 300 1732 Carthago
324 1652 441 1731 populis
465 1651 565 1730 poliat,
589 1650 734 1728 Carthago
758 1649 895 1730 refulget,

154 1743 301 1821 Carthago
325 1744 357 1801 in
380 1739 526 1820 domibus,
551 1740 696 1818 Carthago
720 1742 751 1799 in
776 1738 932 1799 moenibus
957 1736 1060 1817 ampla,

100 1845 134 1893 35
155 1830 301 1909 Carthago
326 1839 356 1890 et
379 1829 483 1910 duleis,
510 1828 656 1908 Carthago
680 1838 710 1889 et
733 1836 854 1889 nectare
878 1829 985 1908 suavis,

155 1920 302 1997 Carthago
326 1918 445 1991 florens,
469 1918 687 1979 Thrasamundi
711 1919 830 1979 nomine
853 1915 995 1995 regnans!

156 2008 248 2069 Cuius
272 2018 306 2067 ut
331 2009 489 2085 imperium
513 2017 631 2068 maneat
653 2026 708 2087 per
732 2006 848 2068 saecula
873 2007 952 2086 felix,

157 2097 302 2176 Optamus
326 2096 446 2156 domino
470 2095 581 2156 multos
605 2094 756 2157 celebrare
780 2115 834 2175 per
858 2113 952 2155 annos

156 2188 271 2268 Annua,
294 2185 366 2245 dnm
389 2186 498 2264 repetit
523 2185 666 2263 fulgentia
689 2184 796 2264 gaudia
820 2187 913 2263 regni.

607 2342 671 2406 377
1058 2356 1084 2397 B.
1096 2354 1134 2393 111
1143 2355 1170 2393 ιι

465 2438 594 2495 Versus
616 2441 816 2496 balnearum
1051 2408 1179 2502 sirii?

157 2523 192 2583 iu
216 2540 306 2601 parvo
329 2539 450 2599 magnas
475 2524 547 2584 fecit
570 2542 675 2584 manus
699 2523 791 2584 ardua
815 2523 909 2603 Baias,

157 2612 295 2672 Culmina
320 2611 463 2673 distendit
488 2614 581 2672 niveis
605 2631 750 2692 suspensa
774 2611 929 2690 columnis,

157 2701 300 2761 Curvavit
322 2703 450 2761 cameris
473 2703 555 2761 vario
579 2720 633 2781 pro
657 2701 808 2762 schemate
833 2701 970 2762 conchas.
1084 2727 1114 2779 p.
1125 2712 1180 2764 187

232 2859 267 2907 20
290 2853 384 2924 inpari
401 2854 430 2908 A
507 2860 540 2908 21
559 2853 655 2909 meriti
673 2855 715 2923 A,
737 2872 806 2910 corr.
826 2856 924 2910 Beroe.
952 2853 1053 2908 merito
1073 2872 1091 2908 a

160 2931 195 2980 23
214 2924 389 2994 Dilectisque
406 2926 443 2993 A,
462 2929 570 2981 correxi
611 2928 640 2980 et
657 2928 757 2982 addidi
834 2932 869 2979 24
887 2942 1014 2997 gressum
1032 2922 1128 2979 meriti

159 2997 302 3052 Baehrens
350 2995 476 3065 regentis
495 2998 531 3065 A,
550 2999 658 3053 correxi
739 3003 773 3051 25
792 3014 930 3052 marmore
942 3027 948 3039 ·
959 3014 1006 3051 ore
1026 2997 1128 3050 sonant

161 3068 214 3121 sub
233 3066 338 3138 iurgite
352 3067 381 3121 A
453 3074 487 3122 26
507 3068 613 3123 uertice
631 3069 731 3139 scripsi
750 3068 854 3123 cortice
868 3069 896 3123 A
915 3068 1021 3137 cespite
1035 3067 1127 3122 Baeh-

159 3156 224 3195 rens
274 3144 307 3192 28
328 3138 484 3208 charthego
503 3142 547 3208 (32
568 3142 684 3210 cartago
703 3141 816 3206 ornata,
835 3142 894 3196 rell.
912 3143 945 3195 in
963 3141 1029 3195 locis
1047 3140 1128 3206 recte)

161 3210 190 3264 A
262 3215 297 3264 29
316 3209 443 3278 regimen
460 3213 560 3280 scripsi
581 3209 612 3264 in
629 3228 725 3280 regem
743 3212 772 3265 A
791 3210 822 3264 in
839 3227 907 3280 rege
925 3232 944 3265 α
993 3209 1081 3264 uitrix
1101 3209 1129 3264 A

161 3281 192 3334 in
215 3297 282 3349 rege
304 3280 439 3336 inuictrix
462 3283 500 3338 Is.
525 3283 637 3338 Vossius
726 3288 759 3336 31
779 3281 880 3336 libicos
898 3283 927 3336 A
980 3298 1030 3336 ora
1047 3281 1076 3335 A

162 3357 197 3406 33
216 3351 302 3420 pollit
319 3355 347 3406 A
411 3357 446 3407 34
463 3353 576 3407 moeuib
595 3356 622 3408 A
686 3359 720 3407 35
740 3356 770 3407 et
786 3356 902 3423 neptere
921 3352 949 3407 A
1010 3357 1044 3406 36
1062 3370 1130 3407 num

161 3423 294 3478 numine?
331 3423 432 3477 florens
446 3441 617 3494 —regnans
635 3426 776 3481 Baehrens
800 3425 882 3479 flores
897 3440 1048 3494 -regnas
1066 3424 1094 3479 A

163 3499 198 3548 37
218 3496 251 3548 ut
271 3494 394 3564 Onoperus
413 3497 442 3549 eo
459 3496 488 3550 A
523 3498 620 3550 manet
637 3497 675 3564 A,
693 3513 763 3553 corr.
782 3515 801 3551 o
837 3495 933 3551 secula
950 3496 978 3550 A

235 3566 304 3620 377.
323 3566 427 3620 Versus
446 3567 632 3625 uuelnsarum
650 3569 677 3623 A
751 3567 923 3623 3Curbauit
936 3568 964 3622 A
1000 3585 1067 3639 pero
1087 3583 1132 3622 ce·

162 3637 240 3690 maie
259 3653 361 3691 concas
379 3638 417 3705 A,
436 3656 505 3695 corr.
524 3659 542 3694 o

217 3735 312 3777 Anthol.
326 3736 367 3777 lat.
380 3737 399 3776 L
553 3740 559 3752 ⁴
935 3736 969 3784 19
