2654 3926
458 209 599 266 conteis
619 210 848 267 SALMASIANI.
1073 210 1139 275 285

175 379 232 440 Sed
257 378 412 439 sibonum
437 377 510 438 nihil
534 386 588 453 est,
614 386 695 438 certe
720 387 816 439 exstat
838 396 987 438 marmore
1010 377 1121 440 Hector

173 468 373 548 Testaturque
397 486 480 529 suam
504 468 568 527 viva
591 466 749 527 formidine
774 475 908 528 mortem.

378 760 429 814 De
452 757 596 813 muliere
614 660 744 813 illlina
766 756 935 814 venabulo

221 859 348 931 Quidam
373 857 533 920 concubitu
557 858 648 918 lutuit
672 859 804 919 fervente
828 858 980 919 Marinum.

264 948 422 1010 Fluctibus
445 950 476 1007 in
500 947 585 1007 salsis
609 948 680 1008 lecit
703 947 891 1008 adulterium.

220 1036 285 1098 Non
310 1037 358 1098 hic
383 1035 557 1115 culpandus,
581 1037 681 1114 potius
705 1037 758 1097 sed
781 1035 868 1097 laude
891 1035 1043 1116 serendus,

265 1125 324 1197 Qui
347 1144 462 1186 memor
485 1134 531 1185 est
555 1123 688 1206 Veneris,
712 1125 791 1204 quod
815 1144 897 1186 mare
920 1133 989 1186 nata
1011 1126 1097 1185 soret.

626 1318 690 1383 369

237 1416 287 1473 De
309 1416 411 1472 horto
435 1417 553 1473 domni
577 1415 707 1485 oagets,
729 1414 791 1471 ubi
813 1428 932 1470 omnes
953 1415 1080 1472 herbae

399 1505 619 1563 medicinales
641 1504 815 1573 plantatae
839 1506 922 1559 sunt

177 1624 371 1685 Constructas
394 1626 474 1685 inter
498 1624 591 1684 moles
615 1621 780 1701 parietibus
803 1622 870 1682 altis

221 1712 333 1773 Hortus
356 1731 498 1772 amoenus
521 1714 601 1772 inest
624 1712 721 1790 aptior
746 1719 777 1771 et
800 1710 929 1775 domino.

176 1799 232 1861 llio
255 1803 337 1861 vario
361 1800 484 1862 irondes
507 1801 611 1862 vitales
635 1801 748 1860 semine
772 1808 922 1881 crescunt,

220 1888 254 1949 ln
279 1889 388 1968 quibus
412 1899 458 1950 est
481 1889 575 1951 Genio
599 1890 838 1969 praemeditante
862 1889 951 1952 salus.

143 1990 159 2039 5
179 1978 225 2037 Nil
248 1978 362 2038 Phoebi
385 1979 562 2057 Asclepique
585 1989 668 2040 tenet
691 1979 826 2040 doctrina
849 1979 1027 2058 parandum:

224 2066 370 2128 Omnibus
393 2068 463 2128 hino
487 2067 599 2128 morbis
623 2086 696 2128 cura
719 2068 871 2146 sequendo
895 2068 999 2147 placet.

178 2154 238 2215 lam
263 2165 344 2236 puto,
369 2157 448 2236 quod
472 2157 545 2216 caeli
568 2157 652 2217 loous
676 2166 730 2236 est,
754 2156 806 2217 ubi
829 2160 950 2218 numina
974 2164 1108 2237 regnant,

224 2243 298 2305 Cum
322 2245 410 2306 datur
432 2246 479 2306 his
502 2245 604 2306 herbis
627 2248 747 2305 vincere
770 2254 886 2307 mortus
910 2263 994 2307 onus.

259 2535 309 2591 De
331 2535 417 2605 pion,
441 2549 529 2605 quoe
552 2438 721 2591 numbbbe
743 2548 846 2590 voees
867 2534 1066 2592 imitabatur

225 2653 293 2714 Pica
322 2654 477 2715 hominurn
500 2673 588 2715 voces
619 2665 726 2715 cuncta
749 2663 817 2714 ante
842 2654 976 2714 animalia
1000 2662 1147 2715 monstrat

269 2743 308 2803 Et
331 2743 418 2804 docto
443 2752 600 2805 externum
622 2745 785 2822 perstrepit
808 2761 860 2803 ore
883 2741 987 2805 melos.
1107 2772 1137 2824 p.
1147 2760 1200 2811 184

253 2900 269 2949 8
290 2913 370 2950 orum
387 2895 477 2951 nichil
495 2900 523 2951 A
560 2897 652 2950 certus
676 2898 735 2950 slat
752 2897 779 2949 A
799 2898 874 2950 certe
892 2897 1035 2952 Baehrens
1053 2900 1147 2951 exstat

181 2968 211 3037 (l.
225 2984 246 3022 e.
265 2970 352 3036 uiuit)
370 2970 470 3037 scripsi
515 2984 667 3022 marmores
690 2967 779 3022 lectos
798 2967 826 3022 A
848 2985 987 3023 marmore
1005 2969 1147 3024 Boelueus

181 3037 328 3092 marmoris
347 3039 452 3093 Hector
469 3058 487 3093 u

252 3110 321 3166 868.
343 3116 356 3163 1
374 3109 522 3164 ooneubito
537 3112 565 3164 A
601 3109 729 3163 ferbente
743 3111 771 3165 A
826 3116 841 3164 2
860 3110 976 3164 insulsis
990 3111 1028 3179 A,
1045 3127 1114 3167 oorr.
1129 3130 1147 3166 o

187 3207 189 3218 =
252 3180 322 3238 369.
346 3181 388 3236 De
408 3184 469 3235 orto
483 3183 512 3236 A
548 3181 613 3235 erbe
628 3180 657 3234 A
703 3183 817 3235 hortus
832 3182 860 3237 A
905 3181 1035 3236 3uurios
1053 3182 1147 3236 fondis

182 3250 267 3307 uitali
284 3253 321 3322 A,
339 3254 447 3308 correxi
537 3251 631 3306 esebi
650 3255 677 3306 A
717 3254 797 3307 tenet
815 3254 834 3308 r'.
847 3269 870 3308 e.
889 3254 996 3319 retinet,
1012 3251 1070 3308 uo'n
1084 3270 1147 3323 per-

181 3325 267 3379 nu'ttil
344 3331 360 3378 6
379 3324 503 3378 seeundo
525 3325 607 3393 pretet
631 3324 666 3378 L.
686 3323 840 3379 Muellerus
917 3328 932 3377 7
952 3323 1085 3397 oplioolus
1104 3327 1148 3379 est

182 3396 209 3464 (o
228 3412 261 3450 err
284 3413 303 3449 u
325 3397 407 3465 corr.)
428 3395 469 3464 A,
494 3412 562 3451 corr.
586 3395 718 3466 Meyerus
761 3396 863 3463 regnat
881 3398 909 3450 A
990 3394 1101 3449 8erbis
1119 3396 1148 3450 A

182 3480 253 3534 opus
271 3467 413 3522 Baehrens

253 3538 321 3593 370.
350 3537 420 3607 pige
437 3540 466 3593 A
530 3539 631 3591 laute
646 3538 793 3608 Kloppius
811 3553 865 3605 que
880 3537 908 3592 A
972 3539 1105 3594 2doolos
1119 3541 1147 3595 A

184 3607 267 3663 doeio
286 3610 385 3665 Burni.
422 3612 534 3665 ternum
552 3610 589 3678 A,
608 3612 715 3665 correxi
732 3611 859 3665 tenerum
878 3611 913 3666 L.
933 3610 1054 3667 Mueller
