2672 3924
212 192 280 257 322
614 193 782 249 cortulus

258 358 398 438 Orpheus
420 360 552 420 infernas
577 363 708 440 speravit
731 360 836 422 toDere
859 360 940 440 leges
1197 378 1238 426 45

303 448 478 509 Tartareum
501 459 531 509 et
555 459 643 510 oantu
667 449 789 511 flectere
812 468 899 529 posse
923 468 1036 511 canem.

259 538 318 617 Spe
342 538 418 598 duee
442 556 496 617 per
520 539 632 599 medias
656 542 754 600 enavit
776 538 923 600 Daedalus
946 557 1034 600 auras

302 625 340 686 Et
363 645 437 687 nova
463 630 606 688 mirantes
629 631 739 688 terruit
762 627 822 689 ales
845 647 923 689 ares.

256 714 417 794 Passiphae
441 707 527 799 (quid
551 734 612 776 non
635 715 748 777 homini
771 735 893 796 sperare
917 710 1054 798 licebitl)

303 804 439 883 Speravit
462 815 547 866 torvo
571 823 659 884 posse
682 805 800 885 plaeere
823 806 900 867 hovi.
1197 824 1238 872 50

258 894 365 973 Sperat
388 895 441 972 qui
464 911 555 954 curvo
580 894 680 955 suloos
704 898 871 974 perrumpit
894 905 1002 975 aratro,

303 982 409 1062 Sperat
433 983 485 1061 qui
508 985 604 1044 ventis
628 982 692 1043 vela
715 984 836 1044 serenda
860 985 951 1045 dedit.

257 1071 333 1150 Spes
356 1070 452 1132 hamis
475 1073 583 1152 pisces,
606 1071 712 1151 laqueo
737 1083 855 1151 captare
880 1072 1016 1134 volueres

301 1160 421 1241 Erudit3
444 1159 517 1220 haee
541 1160 644 1221 orbem
668 1160 742 1221 bella
767 1170 891 1222 eruenta
915 1162 1011 1223 docet.

257 1249 333 1330 Spes
356 1249 492 1328 sequitur
515 1248 657 1327 gravibus
679 1252 785 1311 rastris
808 1250 884 1311 mala
908 1270 978 1313 rura
998 1253 1177 1333 domantem,
1196 1269 1237 1317 55

301 1337 335 1398 ln
358 1356 433 1398 nova
457 1356 489 1397 se
512 1337 592 1397 nulla
616 1357 684 1399 oum
708 1342 824 1400 ratione
847 1349 940 1419 parat.

257 1428 382 1506 Semper
405 1426 551 1506 adulatur,
575 1445 694 1506 semper
716 1427 792 1488 male
816 1429 874 1489 lida
898 1437 1021 1508 vagatur

302 1515 341 1577 Et
364 1515 491 1596 populos
513 1516 605 1577 nrbes
628 1526 749 1596 totaque
773 1536 863 1596 regna
888 1522 975 1597 sapit.

255 1605 397 1668 Desertus
420 1604 545 1665 mediois
568 1623 637 1685 spes
660 1623 823 1685 numquam
847 1607 959 1668 deserit
982 1625 1095 1688 aegros,

301 1694 437 1755 Confessi
459 1712 621 1773 numquam
644 1713 728 1773 spem
752 1714 880 1774 posuere
904 1699 957 1756 rei.
1196 1712 1237 1761 oo

257 1785 332 1863 Spes
356 1793 411 1863 est,
435 1800 510 1861 quae
534 1782 638 1843 classis
662 1783 779 1844 diverso
804 1803 839 1844 ex
862 1784 947 1845 hoste
971 1794 1090 1846 coactas

300 1872 401 1952 Duelt3
425 1889 494 1949 spes
518 1872 644 1950 cupidos
666 1871 744 1932 tollit
766 1875 797 1933 in
821 1892 902 1934 arma
925 1877 1015 1935 viros.

258 1961 333 2040 Spes
356 1961 429 2021 dicit
452 1953 552 2020 ‘dural
576 1978 631 2021 neo
655 1969 684 2021 te
708 1963 877 2039 praesentia
900 1971 1034 2042 tangant:

301 2048 376 2110 Fors
399 2050 495 2109 varias
518 2059 614 2110 mutat
636 2049 800 2112 mobilitate
824 2048 925 2112 vioes'.

256 2138 374 2200 lnoerto
397 2137 473 2198 ludit
497 2155 568 2199 oasn
590 2139 723 2200 Fortuna
746 2159 801 2219 per
824 2140 941 2202 orbem:
1196 2157 1236 2206 55

302 2227 376 2308 Spes
400 2244 518 2305 semper
542 2235 667 2309 constat,
691 2247 746 2289 neo
770 2229 846 2307 fugit
869 2238 957 2308 atque
982 2230 1068 2291 redit.

158 2398 185 2440 5.
198 2397 238 2439 m
252 2400 298 2441 ne.
661 2385 727 2450 416

157 2452 277 2548 {lislos
554 2483 609 2538 Ad
630 2483 833 2539 malivolum

256 2581 374 2644 lnvisns
397 2583 452 2644 tibi
475 2601 556 2645 sum:
579 2602 699 2662 peream
723 2586 758 2664 si,
781 2585 916 2665 Maxime,
939 2587 1041 2647 miror.

302 2670 358 2733 Odi
381 2680 411 2732 te
435 2680 473 2752 et,
497 2675 523 2732 si
546 2675 600 2752 vis,
623 2674 724 2751 aooipe
749 2691 803 2734 our
827 2674 940 2735 faciam.

283 2811 316 2860 45
335 2806 502 2876 Horphaeus
517 2809 544 2863 V
586 2813 620 2862 47
640 2808 758 2863 dedalus
772 2809 863 2862 undas
878 2811 910 2877 V,
924 2827 993 2867 corr.
1008 2811 1144 2867 Heinsius

211 2883 246 2932 48
266 2877 375 2933 alesin
394 2878 447 2932 alis
465 2897 500 2934 m.
515 2897 561 2948 pr.
580 2897 649 2934 corr.
670 2881 697 2935 V
764 2885 798 2933 49
817 2879 953 2935 Phassiue
977 2882 1004 2936 V
1023 2882 1105 2948 (hu.
1124 2900 1176 2938 seo.

210 2951 243 3004 in
260 2951 327 3019 res.)
346 2948 465 3003 libebit
477 2952 562 3021 uuipo
613 2955 646 3003 51
661 2954 796 3022 prumpat
814 2952 841 3006 V
891 2958 925 3006 55
944 2952 1107 3010 dominante
1123 2955 1150 3008 V

212 3025 245 3073 59
265 3036 346 3089 egres
365 3022 392 3075 V
408 3036 489 3089 egros
505 3038 575 3076 corr.
594 3039 629 3077 nr.
644 3040 690 3092 pr.
764 3028 798 3076 60
816 3022 927 3077 Defessi
946 3025 980 3092 V,
998 3041 1066 3080 eorr.
1082 3025 1175 3094 Seiop-

206 3093 275 3160 pius
318 3096 357 3144 ’61
374 3107 407 3145 ex
421 3091 488 3145 orbe
503 3092 638 3147 Heinsius
674 3096 788 3147 sossius
807 3095 834 3147 V
882 3099 915 3147 62
929 3094 1013 3163 pellit
1026 3098 1071 3151 uei
1084 3095 1180 3150 trudit

210 3162 309 3217 Burni.
365 3168 399 3216 63
419 3161 488 3231 Spes
501 3165 600 3233 scripsi
613 3164 651 3217 Et
669 3165 695 3219 V
729 3165 798 3219 duro
818 3165 851 3233 V,
864 3182 933 3221 corr.
948 3167 1082 3222 Heinsius
1113 3166 1175 3221 iun·

211 3235 282 3301 gani
305 3234 337 3301 V,
355 3251 425 3288 eorr.
444 3236 469 3289 Ι.
488 3236 587 3289 Dousu
606 3236 651 3303 (ef.
671 3241 732 3305 444,
749 3239 792 3305 11)
816 3236 933 3290 uinoani
951 3237 1086 3293 Heinsius
1103 3256 1173 3306 pun·

212 3307 283 3372 gant
305 3305 472 3371 Wernsdort'
526 3310 561 3358 64
578 3324 646 3361 nuni
663 3306 760 3360 naria?
778 3306 948 3361 nonuiliiate
973 3308 999 3360 V
1051 3315 1084 3363 66
1105 3310 1177 3378 Spes

212 3392 234 3429 s.
253 3376 365 3429 constat
387 3391 439 3428 neo
461 3377 562 3445 scripsi
579 3379 624 3443 (ef.
643 3395 672 3431 u.
688 3381 732 3447 12)
759 3377 796 3431 Et
820 3396 840 3433 s.
860 3382 959 3432 eontra
977 3396 1049 3448 quae
1073 3381 1099 3435 V
1123 3380 1177 3434 nst

211 3445 333 3516 Souiiper
352 3462 437 3512 qnam
455 3446 511 3500 fuit
525 3448 559 3502 L.
574 3448 695 3504 Mueller
713 3450 779 3503 ante
795 3450 892 3505 Burin.
913 3451 973 3504 Hos
992 3467 1013 3505 5.
1034 3453 1176 3518 consinus,

212 3515 288 3581 quod
305 3514 381 3583 fugit
399 3519 485 3584 atque
502 3517 578 3571 redii
595 3519 737 3575 Baehrens
758 3519 858 3589 adque,
877 3522 923 3575 sed
941 3538 1021 3590 sorr,
1043 3523 1071 3578 V

282 3583 351 3640 416.
375 3591 391 3638 2
411 3586 465 3640 Odi
484 3589 512 3642 V
525 3588 601 3642 Audi
618 3607 652 3644 nt.
672 3607 721 3645 seo.
