2672 3924
226 196 290 261 366
596 196 815 252 AENIGMATA

510 390 555 442 48
579 429 907 443 .......

272 489 419 559 Quattuor
443 507 481 548 en
504 491 576 550 istas
600 508 707 568 gerens
731 508 785 569 ego
809 490 909 551 clausa
932 490 1051 568 figurae,

270 577 403 638 Pandere
429 596 502 656 quas
525 581 628 657 paucis
653 578 788 657 deposcit
812 582 886 640 ratio
911 578 1019 639 brevis·

270 666 396 727 Humida
421 684 488 727 sum
512 670 600 747 sicea,
624 667 725 728 subtili
750 687 876 747 corpore
901 685 1009 746 crassa,

269 754 369 816 Dulcis
393 764 423 815 et
446 775 553 835 amara,
577 757 652 817 duro
676 761 839 836 gestamine
863 757 967 817 molliS.

268 843 370 905 Dulcis
393 862 458 905 esse
483 845 558 905 nulli
580 864 703 924 possum
726 864 782 907 nee
806 865 942 907 crescere
966 847 1055 926 iuste,

269 930 361 1014 †Nisi
385 953 484 994 amaro
508 935 643 1013 duroque
668 954 788 995 earcere
812 954 925 997 nascar.

579 1155 623 1208 49
646 1156 694 1210 De
717 1155 835 1223 pluvia

173 1286 187 1307 ·
269 1270 446 1331 Mirantibus
470 1275 587 1333 cunctis
610 1291 737 1333 nascens
761 1273 860 1351 lulligo
886 1273 1030 1353 querelas,

270 1359 375 1420 Statim
400 1359 514 1441 delicio,
539 1365 590 1441 qui
615 1364 708 1423 maior
730 1380 746 1422 a
770 1371 854 1440 patre
879 1379 995 1422 nascor.

268 1448 315 1508 llle
339 1450 469 1526 gaudere
492 1460 591 1529 potest
616 1450 724 1531 nullus,
747 1455 772 1511 si
795 1460 894 1511 terrae
918 1468 1079 1531 coaequor3

268 1537 313 1597 Me
338 1542 439 1599 cuncti
463 1557 587 1618 superas
611 1539 758 1601 laetantur
782 1558 904 1619 carpere
928 1541 999 1601 vias.

267 1624 425 1704 lmprobus
448 1646 547 1688 amara
571 1629 703 1689 diffundo
728 1629 832 1707 poeula
856 1633 928 1689 totis

268 1715 306 1774 Et
330 1715 430 1776 videre
454 1718 556 1777 volunt
581 1719 684 1796 quanti
708 1721 842 1796 tantique
866 1718 1007 1778 refutant.

595 1937 638 1991 50
662 1938 710 1991 De
731 1937 811 1992 vino

266 2032 434 2097 Innumeris
458 2055 512 2116 ego
536 2056 643 2098 nascor
667 2039 703 2098 de
726 2038 871 2099 matribus
895 2055 983 2117 unus,

267 2124 305 2184 Et
328 2128 447 2204 genitus
471 2125 584 2186 nullum
608 2129 756 2188 viventem
780 2127 916 2206 relinquo
941 2134 1102 2205 parentem.

267 2213 357 2274 Multa
381 2233 428 2274 me
452 2224 593 2276 nascente
618 2215 795 2295 subportant
818 2217 939 2277 vulnera
963 2223 1082 2295 matres,

267 2301 399 2373 Quarum
422 2322 504 2365 mors
526 2305 600 2365 mihi
623 2316 669 2366 est
691 2314 823 2384 potestas
847 2306 913 2365 data
938 2323 990 2384 per
1014 2322 1126 2364 omnes.

266 2388 400 2452 Laedere
423 2411 483 2454 nou
506 2411 638 2474 possum,
661 2413 709 2455 me
734 2397 760 2455 si
783 2396 850 2474 quis
874 2394 979 2473 oderit,
1003 2410 1152 2473 umquam,

266 2479 304 2540 El
327 2483 427 2561 iniqua
451 2501 517 2543 meo
541 2483 634 2543 reddo
659 2502 777 2563 quoque
801 2485 873 2544 sutis
897 2485 1014 2543 amanti.

578 2703 827 2756 51...

265 2799 423 2879 Multiplici
446 2810 527 2863 vesle
551 2811 638 2863 natus
663 2803 699 2863 de
724 2812 818 2864 matre
841 2802 1001 2882 producor,

265 2888 326 2950 Nec
350 2890 459 2951 hahere
484 2909 594 2970 eorpus
618 2910 749 2974 possum,
773 2895 799 2952 si
822 2900 934 2952 vestem
959 2891 1070 2951 amitto.

289 3097 377 3153 lusor.
402 3117 452 3154 om.
476 3099 504 3154 V
518 3101 569 3162 (lte
588 3102 614 3154 L
703 3106 755 3154 283
774 3099 885 3154 clausas
905 3100 931 3153 V
984 3097 1015 3164 Q.
1041 3097 1109 3162 thas
1129 3112 1182 3165 ego

220 3166 330 3222 clausus
349 3186 449 3238 gerens
468 3170 487 3225 f.
507 3173 534 3226 L
601 3177 654 3225 204
672 3188 742 3240 quas
761 3171 813 3226 hus
837 3173 864 3226 V
896 3170 990 3225 breuis
1016 3168 1101 3224 Vbis
1119 3167 1147 3221 L

220 3243 271 3292 286
291 3243 321 3294 el
336 3258 386 3296 om.
407 3242 434 3295 V
485 3248 537 3299 289
556 3244 669 3313 infligor
682 3244 829 3311 quaerelas
844 3243 871 3296 L
924 3247 976 3298 290
991 3238 1105 3294 Effieior
1123 3241 1183 3292 stu-

217 3308 271 3362 iim
289 3328 325 3367 m.
345 3328 363 3367 a
381 3331 408 3382 p.
428 3312 477 3380 qui
495 3333 596 3371 nascor
614 3317 641 3369 L
713 3320 763 3369 291
783 3334 810 3371 n.
829 3333 857 3384 p.
876 3315 902 3368 L
940 3327 1101 3382 quoaequor
1119 3311 1147 3364 L

219 3386 271 3435 292
291 3384 317 3438 S.
336 3402 373 3439 m.
393 3402 436 3440 eu.
455 3388 482 3441 L
532 3394 585 3442 294
604 3387 703 3455 quanli
721 3387 861 3441 uoluntL
911 3391 963 3439 295
983 3401 1035 3454 ego
1052 3382 1150 3438 omV

219 3456 271 3505 290
290 3453 436 3525 Genitusq3
456 3460 482 3513 L
546 3467 597 3515 297
617 3458 724 3513 Multae
743 3461 891 3512 nascentes
911 3476 931 3513 s.
956 3457 984 3511 V
1039 3459 1091 3509 298
1110 3455 1182 3507 m1h1

218 3538 292 3577 mors
312 3526 339 3579 L
411 3533 462 3582 299
486 3531 572 3586 oderi
591 3532 618 3585 L
677 3535 728 3584 300
747 3531 835 3586 reddi
852 3547 915 3584 meo
933 3530 960 3583 L
979 3546 1006 3597 q3
1025 3527 1053 3581 L
1070 3541 1182 3594 quoque

225 3600 252 3653 V
300 3597 387 3653 Iuser.
408 3617 457 3654 om.
477 3602 540 3656 LV
592 3607 641 3656 301
661 3605 700 3657 sle
719 3602 745 3655 L
794 3621 835 3672 pr.
856 3604 980 3656 amatre
1004 3601 1031 3654 V

1190 679 1243 730 285

1187 1375 1242 1424 290

1187 2050 1240 2099 295

1185 2497 1238 2546 300
