2672 3924
437 227 578 284 colticis
594 226 766 283 VOSSIANI
784 225 815 291 Q.
830 230 873 280 86.
1071 224 1135 289 341

122 408 155 457 lo
175 396 208 457 ln
233 396 372 458 damnum
396 397 466 457 felix
490 407 520 457 et
543 397 638 456 victor
661 403 694 455 ut
716 395 826 474 impius
850 400 939 475 esset,

219 484 344 546 Nescius
369 488 468 547 occiso
492 487 583 546 fratre
607 483 756 562 superbus
779 491 852 544 erat.

175 574 250 635 Dum
274 575 346 653 legit
370 577 489 635 exuvies
513 573 691 652 hostiliaque
714 590 796 632 armo
819 569 945 650 revellit,

219 662 381 724 Fraternos
403 663 504 724 vuitus
527 680 638 741 oreque
661 669 773 721 maesto
797 661 885 721 videt.

175 752 261 824 Quod
285 753 383 813 inerat
405 755 509 834 virtus,
532 752 644 812 iactum
667 758 713 811 est
736 749 843 810 scelus.
879 748 984 809 haeret
1002 749 1033 808 in
1052 747 1138 807 hoste

120 853 156 902 20
219 840 304 901 Miles
328 849 358 902 et
381 859 397 901 e
421 841 559 901 menibus
582 842 702 900 mittere
725 837 783 900 teia
806 842 900 899 timet.

174 929 246 990 inde
266 930 363 991 ferox:
387 926 470 1010 ‘qnid
489 930 569 991 lente
590 924 717 989 manus?
753 946 833 989 nunc
851 926 981 1006 denique
1001 921 1139 986 cessem?

219 1018 330 1079 iustius
353 1018 440 1079 hoste
464 1017 519 1079 tibi
543 1020 595 1098 qui
617 1020 764 1078 morietur
787 1016 879 1078 adest.

174 1106 348 1168 Fraternam
372 1126 421 1168 res
443 1107 524 1169 nulla
547 1115 647 1186 potest
669 1106 831 1167 defendere
855 1105 992 1186 caedem3

219 1196 300 1257 Mors
323 1204 374 1257 tua
398 1196 460 1257 sole
482 1206 595 1277 potest3
618 1205 714 1257 morte
737 1195 846 1257 luenda
869 1204 920 1256 tua
944 1205 999 1255 est.

121 1297 155 1346 25
176 1285 297 1347 Scilicet
320 1286 356 1346 ed
380 1288 494 1366 patrios
516 1287 631 1347 referes
654 1285 748 1364 spolie
771 1282 867 1362 ample
890 1279 1036 1362 penates?

218 1375 262 1436 Ad
286 1383 403 1455 petrem
425 1378 522 1437 victor
545 1394 605 1435 non
627 1384 713 1454 potes
735 1375 780 1434 ire
804 1382 899 1452 tuum,

175 1463 233 1524 Sed
257 1471 344 1544 potes
367 1464 403 1525 ad
428 1465 560 1525 fratrem.
597 1483 677 1525 nunc
701 1463 820 1523 fortiter
842 1470 928 1522 utere
953 1457 1027 1525 telol

218 1553 331 1633 Impius
354 1553 411 1613 hoc
435 1553 495 1614 telo
520 1571 560 1630 es,
586 1553 641 1613 hoc
663 1559 749 1631 potes
773 1568 839 1611 esse
862 1552 940 1629 pius,

174 1640 280 1702 Vivere
303 1644 330 1702 si
352 1643 475 1722 poteris,
498 1642 623 1720 potuisti
645 1639 782 1701 occidere
805 1637 942 1700 iratreml

120 1742 155 1791 30
218 1729 362 1791 Nescisti:
386 1730 438 1790 sed
463 1732 534 1790 scis:
557 1728 631 1790 haec
654 1747 736 1789 more
760 1728 847 1807 culpe
870 1736 922 1788 tua
945 1734 999 1789 est.

175 1817 307 1880 Viximus
331 1818 473 1900 adversis
496 1821 645 1879 iaceamus
668 1817 804 1897 portibus
828 1812 944 1878 isdem.'

218 1905 307 1988 Dixit,
331 1909 415 1968 etin
439 1906 530 1968 dnbio
554 1918 608 1987 est,
631 1910 729 1969 utrius
753 1925 824 1967 ense
848 1906 942 1967 cadat.

174 1993 267 2058 ‘Ense
289 2015 356 2057 meo
380 1999 500 2077 morior,
524 1996 669 2058 maculato
692 2004 789 2057 morte
812 1992 960 2056 nefanda?

219 2085 275 2147 Cui
297 2086 433 2167 moreriS,
457 2085 571 2145 ferrum
594 2104 652 2163 quo
677 2088 804 2145 moriere
830 2079 932 2145 dabit?

120 2186 155 2234 35
174 2174 255 2235 Dixit
278 2178 361 2235 etin
385 2174 508 2235 fratrem
531 2174 662 2234 fraterno
686 2173 816 2234 concidit
840 2191 920 2234 ense.

219 2263 368 2324 Victorem
393 2272 423 2323 et
446 2266 558 2324 vietum
582 2262 715 2324 condidit
737 2280 796 2323 une
820 2280 934 2322 manus.

623 2453 690 2519 463
1074 2484 1100 2524 n.
1110 2430 1136 2524 11
1148 2485 1193 2524 132.

1100 2538 1133 2578 or.
1147 2538 1194 2578 err.

603 2569 711 2635 [Item]
1076 2589 1194 2632 erveo.

221 2689 320 2750 Sicine
345 2691 499 2768 componis
512 2688 657 2769 *populos
680 2688 821 2769 Fortuna,
845 2688 972 2748 furentis

264 2777 301 2839 Vt
324 2780 402 2839 vinci
425 2779 528 2861 levius,
552 2780 671 2839 vincere
694 2780 733 2838 sit
755 2773 897 2856 gravius?

246 2953 280 3001 15
290 2950 320 3002 et
327 2947 386 3017 inp.
397 2965 458 3003 esse
469 2949 601 3020 Meyerue
637 2953 670 3002 17
680 2965 787 3002 exunus
797 2949 824 3003 V
858 2952 892 3001 18
901 2950 970 3002 nota
981 2945 1123 3002 Francius

175 3026 208 3073 19
222 3018 253 3071 in
267 3020 457 3090 eeleV(urie
471 3038 505 3075 ru.
521 3019 601 3089 pr.?)
650 3025 714 3074 iile
734 3019 879 3074 SculeV
921 3024 955 3072 21
970 3017 1039 3071 Inde
1052 3035 1100 3089 coo
1115 3024 1141 3073 et

173 3092 208 3145 L.
228 3090 380 3146 Muellerus
399 3091 449 3144 Ille
474 3092 501 3146 V
533 3107 627 3144 cessus
646 3092 761 3160 [dusius
779 3106 871 3144 cesses
890 3091 987 3145 Burin.
1043 3089 1140 3143 2411-

173 3163 247 3214 enda
265 3162 364 3217 Burm.
383 3160 507 3217 leuando
531 3163 567 3215 V,
614 3166 648 3215 25
666 3162 771 3216 referes
790 3162 824 3217 L.
845 3161 998 3216 Muellerus
1016 3160 1139 3215 referens

179 3234 206 3287 V
228 3235 346 3302 penales
370 3233 506 3304 Scaliqer:
533 3233 690 3303 rependens
718 3235 757 3303 (re
781 3239 806 3287 et
830 3234 917 3288 altero
939 3249 959 3284 n
984 3248 1071 3301 sumu
1089 3232 1137 3286 liu.

172 3356 207 3394 ru.
223 3339 438 3410 1‚dexeorr.)
461 3340 489 3394 V
544 3321 617 3393 eri
640 3340 667 3394 V
699 3339 757 3393 telo
782 3337 884 3407 V‚teli
902 3355 1005 3395 nuuc.
1061 3337 1139 3391 iusi

178 3410 205 3464 V
221 3409 261 3464 sic
280 3410 402 3482 Scule'qer
442 3440 446 3447 ·
491 3415 525 3464 81
545 3410 621 3464 idem
645 3411 672 3466 V
757 3414 792 3463 33
810 3426 856 3464 me
878 3410 906 3464 V
951 3408 1091 3463 iaculatus
1115 3410 1142 3464 V

172 3481 315 3535 maculato
335 3482 456 3553 Scalioer
493 3484 568 3536 sorte
586 3482 621 3538 L.
637 3481 788 3537 Muellerus
853 3486 888 3534 34
906 3479 958 3536 Cui
975 3480 1138 3536 memoreris

178 3553 205 3606 V
252 3552 411 3607 deuictam
434 3554 462 3608 V
495 3552 607 3608 conficit
625 3555 723 3609 Burur.

244 3624 313 3680 463.
341 3626 424 3681 lusor.
443 3641 493 3680 one.
518 3626 546 3681 V
597 3625 713 3681 1Scine
738 3626 763 3681 V
796 3624 934 3694 fuerentis
958 3626 986 3680 V
