2654 3926
611 204 778 260 CARMINA

468 371 584 433 Foedae
608 391 679 432 aura
703 371 850 433 libidinis:

468 461 543 522 Cum
566 462 608 521 sis
631 479 683 521 ore
707 461 871 541 facundior,

427 544 431 549 ’
468 550 528 611 Cur
551 568 657 611 causas
681 550 799 611 steriles
822 553 885 629 agis

467 639 526 700 Aut
549 647 692 718 corrupta
715 641 834 717 negotia

467 727 505 789 Et
528 729 679 808 perdenda
704 730 797 806 magis
821 724 923 789 loeas?

467 819 593 896 Agnovi:
616 825 651 878 ui
675 817 769 898 video,
792 825 844 878 tuo

466 905 519 966 Ori
543 906 613 985 quid
636 905 713 967 bene
738 906 856 967 caedier

467 994 532 1055 Non
556 997 610 1071 vis,
634 995 686 1056 sed
710 1003 783 1073 puto
807 994 915 1073 pudici.

659 1186 725 1252 296

177 1305 182 1315 .
196 1275 235 1315 111
249 1276 295 1316 raa.

155 1276 185 1371 Β,
201 1330 247 1368 aar,
367 1304 409 1359 In
432 1302 622 1359 clamosum
644 1303 854 1371 pygmaeum
877 1315 1018 1372 corpore

579 1394 614 1447 et
637 1391 808 1447 furiosum

209 1510 342 1590 Corpore
366 1529 420 1589 par
444 1510 579 1590 querulis
603 1528 634 1570 es
660 1509 704 1570 vei
727 1509 856 1571 clamore
880 1510 1004 1571 cicadis:

253 1600 330 1661 Hinc
353 1602 461 1679 potior,
485 1600 565 1679 quod
589 1607 619 1659 te
643 1608 777 1677 tempora
800 1599 880 1660 nulla
903 1607 1014 1660 vetant.

208 1688 285 1750 Dum
309 1688 450 1768 loqueris,
474 1696 624 1768 quaerunt
647 1691 758 1769 cuncti,
782 1707 838 1748 vox
862 1689 948 1749 cuius
972 1687 1101 1770 oberret,

253 1778 351 1856 Atque
375 1796 482 1838 sonum
506 1777 630 1840 alterius
655 1779 791 1855 corporis
815 1795 881 1837 esse
905 1786 1018 1855 putant.

208 1866 360 1948 Miramur,
384 1874 501 1927 tantum
525 1869 642 1945 capiant
666 1869 718 1945 qui
741 1865 874 1926 membra
898 1866 1039 1947 iurarem,
1214 1878 1230 1927 o

254 1955 328 2016 Cum
351 1957 392 2016 sit
415 1955 509 2017 forma
533 1955 615 2036 levis,
639 1953 751 2016 clamor
774 1963 804 2016 et
827 1957 871 2014 ira
894 1958 1001 2035 gravis.
1090 2028 1109 2086 ¹

659 2129 723 2193 297

208 2245 428 2302 Phalaecium
446 2246 483 2301 in
496 2244 690 2312 moechum,
709 2245 805 2314 quod
820 2244 994 2300 debriatus
1007 2244 1176 2313 plorabat,

388 2348 468 2392 aum
491 2334 619 2390 coitum
642 2333 773 2403 inplere
795 2348 864 2390 non
886 2335 1002 2403 posset

344 2454 469 2532 Saepius
492 2453 586 2514 futuis
610 2455 758 2531 nimisque
783 2470 910 2532 semper,
937 2492 940 2497 >

342 2542 404 2602 Nea
428 2545 536 2621 peruia,
560 2543 617 2602 nisi
641 2542 717 2602 sorte
742 2541 895 2602 debriatus

343 2631 480 2691 Effundis
503 2630 648 2711 lacrimas,
673 2630 752 2710 quod
776 2649 843 2690 esse
868 2630 1010 2691 moechus

282 2790 300 2837 4
318 2784 387 2838 Fere
401 2784 430 2838 A
448 2782 559 2837 Foedae
579 2783 714 2838 Heinsius
782 2788 798 2837 5
821 2782 970 2838 facundior
983 2783 1012 2838 A
1029 2784 1178 2839 fecundior

209 2856 374 2912 Seleubertus
393 2852 541 2908 secundior
554 2855 696 2910 Baehrens
746 2860 761 2908 6
781 2854 838 2920 Qur
851 2857 879 2910 A
925 2861 941 2909 8
961 2855 1030 2910 colis
1045 2856 1177 2911 Scander-

209 2935 254 2982 ius
308 2931 324 2979 9
343 2925 387 2998 ui]
407 2927 437 2979 ei
454 2924 552 2996 Meyer
606 2930 638 2979 11
659 2926 703 2979 bis
723 2926 773 2979 sed
790 2943 860 2996 puro
879 2926 916 2993 A,
934 2944 1003 2982 eorr.
1024 2945 1041 2981 a

280 2997 349 3052 296.
376 2995 523 3067 pigmeum
547 2997 642 3052 ARV
683 3014 798 3066 corpore
821 3015 871 3053 orn.
890 2998 951 3053 BV
1016 3004 1101 3067 lper
1120 2998 1181 3053 BV

209 3087 350 3172 quaedem
371 3103 398 3155 V
431 3101 537 3156 eiaauis
551 3104 579 3157 A
635 3103 805 3172 2paiiorB
819 3102 914 3172 potius
934 3104 961 3159 V
994 3104 1143 3158 uedaniA

209 3178 334 3244 equae?
355 3175 382 3229 V
415 3173 461 3226 aui
479 3173 592 3227 obirent
610 3176 637 3229 Β
663 3175 776 3228 aborret
795 3176 822 3230 V
890 3175 992 3243 Aedq3
1011 3175 1040 3229 A
1076 3181 1177 3231 sommi

209 3249 237 3302 Β
309 3243 462 3313 scapiono
479 3246 507 3299 Β
552 3246 601 3313 qui
620 3246 761 3301 Baehrens
780 3251 834 3314 qud
852 3246 881 3301 A
905 3262 959 3315 que
978 3247 1006 3300 Β
1025 3264 1080 3319 qap
1105 3248 1132 3301 V

210 3325 226 3371 6
246 3318 315 3372 Cum
333 3316 362 3371 A
380 3316 420 3370 Vt
437 3316 498 3369 BV
559 3324 563 3329 '

280 3387 349 3443 297.
368 3386 521 3445 Falletium
534 3385 610 3440 inme
621 3417 627 3428 ·
639 3404 702 3440 oum
716 3387 939 3455 quoddebrintus
953 3387 982 3442 A
1017 3387 1109 3458 possit
1122 3388 1151 3443 A

210 3458 336 3512 lineius
356 3457 393 3525 A,
411 3474 479 3512 corr.
499 3459 557 3512 aod.
577 3458 655 3513 Leni.
675 3462 707 3513 in
724 3477 775 3530 rnp.
857 3459 934 3514 2Ne
953 3476 1051 3529 parces
1071 3459 1099 3514 A
1135 3460 1178 3513 in·

209 3528 334 3582 ebriatus
353 3530 536 3583 Burmannus
555 3528 700 3582 debriatus
719 3531 762 3598 A;
780 3531 815 3597 ef.
835 3532 968 3601 Peiperus
990 3549 1056 3587 ann.
1076 3533 1177 3601 philol.

211 3604 289 3668 1873,
303 3602 355 3651 340
410 3603 542 3667 dmegus
561 3599 589 3651 A
