2646 3920
440 232 444 239 ·
528 203 734 259 PRAEFATIO
1087 204 1114 259 V

147 371 303 432 addendus
322 374 370 451 sit,
393 379 424 432 et
442 390 480 432 ne
499 374 563 452 ipse
584 371 704 450 quidem
723 370 835 450 ubique
855 370 990 431 adbiberi
1008 373 1113 452 possit,

148 459 213 521 aliis
237 460 420 522 carminibus
447 463 478 521 in
507 460 601 540 nulla,
630 459 694 521 aliis
722 462 753 520 in
782 458 867 540 plura
895 460 1004 520 borum
1027 478 1113 538 argu·

148 557 317 610 mentorum
338 549 563 628 quadrantibus.
592 548 649 609 Sed
670 567 760 628 quem
779 549 916 609 ordinem
930 545 1113 627 sequamur?

147 638 224 700 Eum
247 641 279 699 ni
302 638 402 719 lallor,
433 657 521 718 quem
549 641 645 717 ipsius
673 640 719 698 rei
746 647 852 698 natura
880 646 970 717 atque
998 637 1114 698 indoles

147 728 267 788 indicat.
308 725 389 788 Nulli
416 730 497 788 enim
524 726 574 788 alii
603 729 671 788 usui
699 726 755 786 hoc
784 744 894 806 corpus
922 730 1034 787 nostris
1063 726 1112 787 de·
1142 803 1149 809 ..

148 835 228 877 mum
258 823 293 878 ut
320 816 450 878 diximus
478 815 606 877 saeculis
633 817 806 877 institutum
835 817 981 876 inservire
1004 824 1113 897 potest,

147 907 206 966 nisi
229 915 263 967 ut
285 907 417 966 carmina
436 907 551 965 minora
570 905 704 984 dispersa
724 914 755 966 et
773 906 912 985 errantia,
935 906 1113 983 quominus

148 1014 165 1054 e
188 996 332 1055 memoria
350 993 504 1056 bominum
525 993 671 1074 labantur,
695 993 751 1054 sub
770 1012 830 1054 uno
850 1001 1014 1072 conspectu
1034 1012 1113 1054 com-

145 1092 310 1164 ponantur:
336 1092 383 1144 est
410 1085 502 1163 igitur
524 1091 677 1162 tamquam
700 1087 938 1160 supplementum
962 1082 1111 1161 quoddam

147 1175 246 1251 poesis
265 1171 386 1234 Latinae
394 1167 430 1254 ¹),
453 1173 558 1233 eodem
578 1191 637 1252 quo
656 1171 705 1232 illa
724 1172 813 1232 modo
833 1172 989 1232 edendum.
1029 1171 1114 1232 Sicut

147 1263 239 1340 igitur
270 1260 427 1323 Horatium
465 1262 602 1322 editurus
636 1279 696 1321 non
729 1264 869 1321 amatoria
903 1262 1035 1321 carmina
1067 1260 1114 1320 vel

147 1353 309 1431 sympotica
338 1350 384 1410 vel
412 1350 558 1412 didactica
587 1369 602 1410 a
627 1352 737 1410 ceteris
760 1349 927 1429 separabis,
956 1349 1008 1410 sed
1033 1349 1112 1410 codi-

146 1458 216 1500 cum
244 1439 380 1500 ordinem
408 1442 559 1519 sequeris,
592 1440 635 1500 sic
669 1441 700 1499 in
733 1449 836 1498 nostra
864 1456 983 1517 quoque
1017 1456 1050 1498 re
1083 1442 1113 1498 in

145 1528 291 1591 librorum
329 1547 418 1589 mann
456 1530 637 1607 scriptorum
676 1529 854 1588 auctoritate
883 1529 925 1587 ita
957 1527 1114 1587 nitendum

145 1620 212 1697 erit,
245 1627 279 1678 ut
311 1617 497 1697 singulorum
527 1616 663 1677 codicum
697 1609 787 1699 (quos
813 1627 980 1695 temporum
1005 1615 1110 1676 ordine

146 1715 291 1786 qnantum
314 1707 381 1767 lieri
403 1716 504 1785 potest
527 1703 660 1766 adhibito
680 1725 712 1765 se
732 1707 870 1784 excipere
890 1723 944 1784 par
965 1698 1026 1788 est)
1050 1723 1113 1765 car-

146 1797 224 1855 mina
249 1814 284 1855 eo
308 1796 413 1856 ordine
437 1814 496 1874 quo
523 1797 555 1855 in
583 1796 800 1873 antiquissimis
828 1792 998 1873 quibusque
1027 1793 1113 1854 libris

146 1891 248 1945 extant
275 1903 486 1964 proponamus.
536 1882 569 1944 ld
603 1885 681 1963 quod
711 1883 812 1943 multis
841 1883 1011 1944 nominibus
1040 1882 1113 1943 utile

145 1991 212 2034 esse
249 1973 390 2053 paulatim
428 1973 567 2035 elucebit.
623 1971 738 2050 [illium
778 1974 944 2032 carminum
978 1972 1114 2032 ordinem

146 2061 349 2123 Raebrensius
372 2065 512 2143 instituit,
535 2061 572 2123 de
596 2081 656 2142 quo
679 2062 757 2122 infra
781 2055 935 2143 dicam.]2)

213 2150 258 2210 Er
282 2170 316 2212 ea
339 2170 410 2211 vero
434 2169 522 2229 quam
545 2151 693 2230 descripsi
716 2149 911 2228 Anthologiae
933 2149 1033 2211 indole
1056 2149 1113 2210 hoc

146 2258 267 2319 quoque
300 2249 383 2301 certo
421 2241 566 2320 eflicitur,
603 2258 679 2320 quae
711 2241 742 2299 in
774 2241 949 2299 universum
982 2241 1113 2299 carmina

146 2332 208 2390 sint
231 2329 416 2408 recipienda:
444 2346 505 2389 non
534 2328 704 2409 recipienda
734 2337 805 2389 sunt
828 2336 858 2387 et
881 2330 991 2387 maiora
1016 2328 1115 2388 omnia

146 2427 177 2479 et
199 2420 315 2479 minora
340 2437 383 2498 ea,
407 2419 539 2497 quaein
564 2419 747 2495 scriptorum
770 2415 960 2493 editionibus,
984 2416 1019 2475 ad
1039 2433 1114 2494 quas

146 2507 269 2586 quidem
283 2509 361 2568 iuste
376 2509 539 2587 pertinent,
553 2506 639 2566 lacile
653 2512 810 2584 parantur:
830 2505 1010 2584 recipienda,
1026 2523 1114 2583 quae-

146 2614 266 2675 cunque
289 2604 410 2675 praeter
428 2595 476 2657 illa
496 2602 620 2656 restant.
667 2594 716 2655 Sic
736 2592 974 2654 Christianorum
994 2611 1113 2672 quoque
1219 2592 1223 2600 ’

143 2686 260 2745 minora
280 2694 395 2746 tantum
415 2687 547 2746 carmina
565 2684 615 2745 bic
633 2683 695 2743 illic
714 2684 841 2763 sparsim
857 2684 988 2742 errantia
1003 2685 1114 2761 recepi.

217 2876 243 2943 1)
261 2873 323 2927 Hoc
348 2872 480 2941 equidem
503 2871 617 2927 nomine
640 2888 711 2941 opus
735 2871 882 2942 appellare
900 2870 1011 2939 marim,
1038 2871 1114 2940 quod

146 2943 224 2998 omni
240 2944 325 2999 modo
345 2943 439 3014 aptius
463 2946 508 2998 esb
530 2960 617 3013 quam
634 2943 774 2998 usitatum
792 2942 866 2997 illud
886 2942 1113 3012 ‘Anthologiae'3

143 3015 223 3085 ἄνθη
243 3031 311 3070 sane
330 3032 388 3069 non
406 3031 499 3085 pauca
512 3013 611 3068 insunt
623 3015 705 3083 talia,
724 3014 823 3083 qualia
841 3012 872 3069 oi
888 3015 1114 3084 ἀνθολογοῦντες

142 3085 254 3140 intacta
280 3085 440 3154 relinquere
469 3102 555 3154 quam
583 3087 733 3154 decerpere
755 3085 867 3140 malint.
909 3084 951 3141 cf.
976 3084 1113 3138 iudicium

142 3157 188 3212 rr.
212 3156 343 3212 Passovii
370 3156 401 3211 in
428 3156 622 3212 ‘Vermischte
642 3156 799 3211 Schriften'
828 3174 856 3225 p.
876 3161 910 3211 75
921 3173 982 3224 sqq.
1009 3156 1057 3209 vel
1083 3156 1114 3208 in

143 3227 256 3283 Erschii
274 3231 305 3283 cb
323 3227 444 3283 Gruberi
461 3228 613 3298 Encyclop.
634 3245 686 3283 ser.
705 3228 718 3282 I
736 3232 803 3283 tom.
817 3227 858 3283 IV
871 3245 898 3296 p.
914 3230 1065 3280 aon—268.

216 3302 244 3369 2)
269 3300 319 3372 [In
334 3299 547 3355 Jahresbericht
565 3300 591 3355 d.
610 3299 698 3355 klass.
712 3298 814 3353 Philol.
830 3303 908 3366 1878,
922 3298 958 3365 Il,
969 3302 1020 3350 259
1034 3296 1113 3365 ipsos

145 3370 258 3425 codices
277 3387 334 3425 non
353 3371 529 3426 saeculorum
553 3371 604 3424 sed
621 3387 715 3424 rerum
733 3369 844 3424 ratione
862 3368 963 3422 habita
982 3366 1113 3422 ordinan-

143 3441 195 3495 dos
214 3441 319 3509 censui,
338 3445 372 3496 ub
390 3441 502 3497 codices
520 3441 653 3511 Ausonii,
672 3440 808 3511 Vergilii,
828 3438 1037 3494 astronomicon
1051 3456 1111 3506 sqq.

142 3529 175 3636 pie
190 3512 365 3582 exciperent:
386 3514 462 3582 quod
476 3516 573 3568 tamen
587 3530 623 3567 ne
637 3512 731 3583 ipsum
746 3511 860 3579 quidem
874 3509 959 3580 plene
972 3509 1113 3579 pleneque

163 3583 204 3638 eri
221 3586 339 3656 potest]
