2672 3924
428 197 567 254 CODICIS
586 195 755 251 VOSSIANI
775 195 806 262 Q.
822 200 865 250 86.
1064 194 1137 260 339

210 364 333 427 Vincula
356 383 412 426 nec
435 371 522 425 curet
545 366 651 442 capitis
675 364 810 425 discussa
834 362 925 424 soluti

254 454 316 515 Nec
340 454 462 515 decoret
485 453 604 513 faciem:
628 454 686 513 mel
709 452 799 512 habet
822 451 871 512 illa
894 469 991 513 suum.

210 544 337 623 Fingere
361 562 393 604 se
418 560 535 621 semper
559 560 619 602 nou
642 550 688 603 est
711 541 860 602 considere
885 543 987 601 amori.

113 646 147 695 10
256 632 343 712 Quid,
367 631 445 712 qood
470 649 558 711 saepe
581 630 682 711 decor,
705 649 774 691 cum
796 629 983 711 prohibetur,
1006 627 1111 691 adest?

614 822 681 888 459
1044 837 1124 878 nm
1138 839 1186 881 eoo

528 922 592 986 [Ao
615 921 770 985 eandem]
1063 892 1185 986 a.³du⁹s²s².‘

210 1042 287 1102 Ante
311 1041 375 1101 dies
399 1038 508 1101 multos
532 1043 653 1122 uisite,
676 1038 823 1120 Basilissa,
847 1041 948 1119 rogavi

256 1129 294 1191 Et
317 1131 376 1190 nisi
398 1132 582 1210 praemonui,
605 1136 635 1190 te
658 1129 729 1189 dare
752 1147 842 1209 posse
866 1147 966 1207 negas.

210 1217 248 1280 Vt
270 1218 370 1280 subito
394 1236 524 1300 crevere,
548 1218 645 1279 solent
668 1236 705 1278 ex
727 1226 862 1297 tempore
886 1221 1006 1279 iunctae

256 1307 352 1379 Quam
375 1310 504 1387 scriptae
528 1307 635 1368 melius
658 1306 765 1368 cedere
788 1307 920 1368 deliciae.

613 1500 681 1564 460
1049 1513 1075 1553 n.
1088 1513 1128 1552 111
1137 1514 1184 1553 aot.

595 1597 704 1662 roem]
1066 1567 1185 1661 alell:

328 1716 389 1776 Cur
412 1716 522 1796 differs,
546 1733 610 1775 mea
633 1714 693 1792 lux,
717 1724 827 1795 rogata,
851 1711 992 1794 semper?

327 1805 388 1865 Cur
409 1804 527 1883 longam
550 1805 628 1883 petis
652 1800 896 1865 advocationem?

326 1893 461 1954 Primum
484 1893 540 1954 hoc
564 1892 687 1953 artificis
711 1893 808 1954 scelus
832 1894 948 1972 puellae
972 1902 1026 1973 est,

327 1983 439 2043 Deinde
462 1991 508 2042 est
530 1982 652 2043 difficile
676 1990 705 2042 et
728 1981 910 2043 laboriosum

326 2068 371 2133 Ire
393 2068 540 2150 tentique
563 2078 624 2130 tam
647 2070 698 2130 diu
723 2074 841 2131 morari.

326 2160 375 2220 Nil
398 2169 445 2220 est
467 2169 631 2241 praeterea,
655 2159 763 2241 puello,
784 2157 833 2221 ue'l
855 2168 901 2219 est

328 2248 480 2329 Deprensa
503 2246 614 2309 melius
634 2244 795 2325 fututiorte.

614 2440 678 2504 461
1067 2454 1185 2549 B'1t11.11¹s⁸s[

499 2539 548 2593 De
571 2537 662 2592 Atho
684 2539 801 2592 monte
1064 2562 1090 2602 n.
1104 2562 1183 2603 msa.

210 2638 275 2717 Hic,
299 2658 388 2719 quem
411 2640 519 2719 cernis,
542 2638 637 2699 Athos
660 2641 791 2699 inmissis
815 2640 938 2717 pervius
962 2638 1050 2699 undis

255 2727 397 2789 Flexibus
420 2727 549 2806 obliquis
572 2727 806 2788 circumeundos
830 2736 902 2788 erat.

238 2886 254 2947 ἵ
272 2884 352 2937 curet
369 2881 505 2937 Heinsius
523 2896 603 2935 eures
627 2881 655 2936 V
722 2880 817 2935 SNeo
836 2880 951 2934 decoret
967 2881 1067 2950 scripsi
1091 2879 1130 2934 Et

166 2968 260 3007 coram
284 2952 311 3006 V
330 2953 390 3008 Neo
413 2968 480 3006 eura
506 2954 551 3007 uel
568 2951 629 3006 Nee
652 2967 717 3006 cera
744 2952 869 3024 Seoliper
895 2952 945 3005 ‘at
973 2950 1129 3008 decorcnt'.

164 3023 254 3078 facies
272 3024 370 3079 Ioeobs
406 3040 486 3078 suom
510 3024 538 3078 V
588 3028 703 3076 9amor
725 3023 753 3078 V
766 3023 873 3078 formae
892 3023 1033 3078 Baehrens

236 3095 308 3178 4593
332 3097 416 3151 inser.
435 3112 485 3150 om.
510 3094 538 3149 V
594 3093 719 3148 dmulte
743 3095 771 3150 V
789 3093 903 3149 iunctae
921 3094 1062 3150 Baehrens
1079 3109 1129 3147 na·

164 3168 213 3221 tao
234 3166 416 3293 {pgpupm
435 3253 486 3292 om.
511 3236 539 3291 V
598 3236 725 3290 ldefers
748 3236 776 3291 V
831 3235 980 3290 3soeleris
999 3234 1129 3305 puellae

170 3309 198 3364 V
248 3314 327 3378 dsqq.
352 3325 422 3378 quoe
444 3309 562 3377 obliquis
584 3308 683 3363 litteris
705 3309 837 3375 destinet,
859 3310 891 3362 e're
918 3308 946 3362 V
964 3324 1043 3363 erasa
1064 3315 1130 3362 meret

165 3384 229 3435 teste
246 3379 370 3435 Holdero
424 3380 599 3448 oseeppleuit
617 3378 739 3449 Seuls'per
792 3378 923 3449 dpnella
941 3380 1007 3450 lepit
1024 3379 1131 3434 Holder

164 3448 254 3505 nichil
270 3449 407 3535 oel'nihil
421 3450 449 3504 V
462 3456 526 3505 teste
544 3450 579 3506 L.
594 3450 729 3506 Muellero
747 3467 812 3505 auu.
828 3451 900 3522 plril.
915 3454 985 3504 1865
1000 3467 1030 3521 p.
1045 3454 1098 3504 828

167 3522 406 3649 iswppiIepetltgem
414 3520 584 3664 deaesldequ
653 3598 667 3647 1
687 3591 766 3665 psius
791 3593 817 3648 V
832 3591 947 3664 peruius
965 3592 1050 3664 welpo

916 3682 970 3737 22*
