2654 3926
427 183 567 240 0001013
587 182 815 238 SALMASIANI.
1041 182 1107 246 255

276 354 320 413 An
344 352 401 412 boa
424 370 478 431 pro
502 350 589 412 titulo
613 353 699 430 cupis
722 349 862 429 sepulcri,

277 440 314 502 Vt
337 450 368 502 te
392 443 509 520 cognita
534 441 609 500 lama
634 443 677 500 sie
701 439 848 518 loquatur,

278 530 362 602 Qaaod
388 538 522 610 stuprata
545 532 608 588 viro
633 537 679 589 est
702 546 776 588 anus
800 524 941 588 nocenti?

592 703 657 767 302

444 821 486 876 In
509 819 805 876 mediaolenonem

255 939 361 1010 Quod
385 946 415 999 te
439 938 622 1018 pallidulum,
644 936 758 997 Maniae
781 944 893 1016 noster,

277 1029 384 1090 Cuncti
407 1035 476 1106 post
499 1027 622 1087 totidem
648 1026 711 1087 dies
735 1025 874 1106 salutant,

276 1115 439 1179 Credebam
463 1116 612 1177 medicum
636 1115 717 1175 velut
740 1117 869 1195 peritum

277 1207 384 1268 Curam
409 1206 543 1266 febribus
567 1214 596 1266 et
620 1222 740 1265 manum
763 1204 900 1283 pudieam

276 1296 318 1357 De
342 1298 436 1376 pactis
460 1295 571 1374 logicae
594 1312 700 1373 parare
725 1302 823 1354 sectae

275 1389 335 1446 Aut
358 1385 394 1446 de
418 1385 595 1445 methodieis
618 1383 745 1463 probare
769 1382 862 1442 libris.

275 1476 313 1535 At
336 1483 369 1535 tu
394 1475 507 1535 lonniae
532 1475 650 1551 turpius
675 1472 806 1550 vacabas,

276 1564 428 1624 Exercens
452 1563 525 1642 aliis,
550 1561 629 1640 quod
652 1564 716 1640 ipse
741 1561 837 1639 possis

276 1652 396 1712 Lenatis
420 1651 526 1712 melius
549 1649 605 1710 tibi
629 1648 735 1729 puellis

277 1740 434 1801 Scortandi
458 1739 544 1799 solito
569 1738 669 1798 labore
693 1738 781 1798 serre.

275 1829 359 1910 Novi,
383 1828 454 1907 quid
478 1828 569 1888 libeat
592 1836 686 1906 tuum,
710 1827 859 1907 chlenige,
954 1820 963 1829 “

276 1918 458 1997 Conspectus
483 1920 614 1978 animum
637 1917 738 1976 videre
763 1935 893 1977 asianos:

276 2007 326 2067 Vis
350 2001 507 2067 ostendere
530 2015 560 2067 te
585 2008 683 2067 minus
707 2008 803 2066 vinum
828 2025 903 2087 esse,

276 2097 417 2156 Aureolos
441 2098 512 2156 satis
537 2103 582 2155 est
606 2113 703 2155 mares
726 2095 837 2154 videre.

592 2269 657 2334 303

141 2386 183 2441 In
205 2353 389 2441 diaeonum
413 2384 633 2441 festinantem
661 2385 705 2438 ad
732 2383 915 2453 prandium
944 2383 1107 2452 cauponis

143 2504 208 2576 Quo
232 2504 358 2565 festinus
382 2503 446 2564 abis
469 2503 537 2582 gula
560 2502 730 2583 inpellente,
755 2498 917 2562 sacerdos?

186 2595 231 2655 An
254 2593 309 2655 tibi
332 2611 387 2672 pro
410 2593 531 2672 psalmis
556 2591 661 2672 pocula
685 2591 774 2654 eorde
798 2586 924 2652 sedent?

214 2753 246 2800 12
267 2746 347 2817 eupit
361 2746 503 2816 sepulchri
516 2747 544 2800 A
581 2750 614 2800 13
630 2744 749 2826 cognita·
758 2745 786 2799 A
801 2743 916 2799 condita
929 2745 1071 2798 Baebuens

144 2877 177 2926 14
196 2871 325 2925 stubrata
345 2871 374 2926 A
410 2888 439 2925 es
459 2871 618 2940 Petschenip
653 2835 772 2924 noeenle
790 2868 819 2923 A
837 2887 871 2923 oa.
887 2887 932 2939 pr.

212 2942 331 2997 30311]
349 2942 490 2995 medicum
503 2940 633 2995 lenonem
644 2948 713 3010 pato
751 2940 901 2994 asodisem
914 2942 942 2995 A
980 2938 1108 3009 bpaetis

141 3014 283 3069 Baehrens
300 3013 383 3066 fastis
402 3015 531 3083 Mepenas
548 3012 633 3066 saetis
652 3014 680 3067 A
735 3018 750 3065 6
769 3011 917 3066 metodicis
936 3011 965 3066 A
1016 3017 1030 3065 7
1049 3011 1107 3064 Ana

140 3084 169 3138 A
205 3084 342 3154 tur·plus
358 3086 395 3152 A,
412 3101 482 3140 sorr.
501 3103 519 3139 a
574 3090 606 3136 11
626 3083 743 3137 NobiA
780 3081 848 3151 quid
866 3086 885 3138 i.
900 3101 922 3138 a.
941 3101 998 3138 aaa.
1035 3082 1107 3135 libe-

140 3158 186 3209 rat
204 3155 247 3223 A,
266 3174 334 3210 corr.
354 3156 452 3210 Bwrm.
500 3154 609 3223 oirurge
628 3156 656 3209 A
747 3160 780 3207 12
800 3154 970 3223 Conspeetos
989 3154 1017 3208 A
1036 3154 1106 3208 Con·

140 3226 228 3280 lectos
248 3228 397 3299 Machlyes
433 3244 536 3280 cennos
555 3228 592 3294 A,
611 3243 679 3281 corr.
699 3226 740 3279 A¹
798 3230 831 3278 13
850 3231 876 3293 It
895 3228 939 3296 (=
956 3226 1106 3295 ‘requiren-

141 3299 230 3367 dum')
248 3299 276 3352 A
294 3302 326 3353 a'n
344 3316 396 3366 inp.
470 3304 504 3351 14
521 3297 683 3352 Vlarreetos
702 3299 740 3365 A,
758 3314 825 3352 corr.
846 3296 982 3351 Heinsius

213 3369 282 3425 303.
301 3369 342 3423 De
362 3369 480 3423 diacono
498 3368 653 3422 festinante
679 3369 703 3421 V
719 3369 752 3421 ln
770 3368 902 3422 dieonum
919 3364 1107 3420 festiuitatem

141 3440 169 3493 Β
215 3440 331 3509 saponis
349 3441 377 3494 Β
458 3439 568 3505 lQuid
585 3440 614 3495 A
659 3439 741 3492 abhis
759 3441 788 3494 A
832 3438 911 3509 guila
935 3439 963 3492 A
986 3436 1060 3491 euila
1079 3438 1107 3491 Β

141 3509 221 3579 guila
244 3512 271 3567 V
322 3510 465 3581 inpelente
483 3512 511 3565 B
534 3518 560 3567 et
578 3512 599 3581 (l
617 3528 702 3583 supra
721 3512 757 3582 el)
778 3513 805 3567 V
908 3515 924 3563 2
944 3509 1060 3579 spalmis
1079 3510 1107 3562 Β

140 3581 266 3652 procula,
284 3601 298 3635 r
317 3601 394 3653 eras„
415 3585 442 3639 V
475 3584 562 3638 eodae
581 3584 609 3637 Β
