2646 3920
536 160 739 216 PRAEFATIO
1082 162 1121 217 IX

245 328 300 389 Isti
323 328 354 388 di
376 327 450 388 mala
475 327 567 389 multa
591 328 663 389 dent
686 328 827 409 deaeque,

247 418 305 490 Qui
328 424 443 479 tantum
467 417 521 478 tibi
546 419 627 478 misit
649 418 822 497 impiorum!

246 506 331 579 Quod
356 508 392 587 si,
414 516 448 568 ut
471 509 618 586 suspicor,
641 506 698 567 boc
721 526 831 570 novum
855 526 889 569 ac
913 519 1067 588 repertum

246 596 356 657 Munus
379 597 429 656 dat
452 595 507 656 tibi
532 594 613 656 Sulla
636 595 785 658 litterator
808 641 843 658 ..

156 728 333 872 totlpoetas
365 723 396 781 in
429 739 489 782 nno
523 720 688 800 eodemque
721 719 798 781 libro
831 721 924 782 luisse
957 731 1125 783 monstrant

155 831 183 871 v.
256 829 320 889 sqq.

245 917 280 977 ot
304 918 413 998 magni,
436 915 611 976 horribilem
635 925 665 977 et
688 936 805 978 sacrum
830 916 1008 979 libellum!

246 1006 343 1077 Quem
366 1014 398 1067 tu
423 1005 538 1066 scilicet
560 1006 597 1065 ad
621 1015 705 1066 tuum
729 1005 879 1067 Catullum

244 1096 335 1177 Misti,
358 1096 501 1155 continuo
526 1104 559 1155 ut
583 1094 631 1154 die
654 1098 777 1174 periret.

157 1219 217 1281 Sed
244 1223 302 1280 isto
331 1218 518 1298 anthologiae
547 1219 683 1299 exemplo
714 1221 815 1281 statim
839 1220 937 1280 valere
959 1223 1042 1282 iusso
1065 1221 1123 1283 boc

155 1327 366 1388 commemoro,
391 1307 537 1386 [Atticum
560 1317 696 1388 poemata
720 1309 757 1369 de
782 1308 933 1370 Amalthea
957 1309 1122 1390 collegisse,

156 1397 216 1460 Cic.
245 1398 280 1458 ad
309 1399 368 1459 Att.
391 1396 405 1457 l
429 1394 556 1478 16,18‚
580 1392 624 1479 et]
657 1396 778 1458 Florum
813 1398 961 1476 quendam
993 1393 1122 1480 (Horatii

156 1490 294 1565 amicum,
318 1490 344 1548 si
366 1485 565 1566 Porphyrioni
588 1486 625 1547 ad
648 1485 720 1547 Hor.
739 1504 806 1566 cpp.
825 1484 891 1548 112
914 1489 977 1547 init
999 1488 1122 1548 creden·

156 1571 242 1659 dum)
262 1572 375 1637 ‘Electa
395 1594 431 1636 ex
449 1575 546 1635 Ennio
565 1575 681 1636 Lucilio
696 1571 850 1656 Varrone',
867 1577 887 1637 i.
906 1595 932 1637 e.
951 1585 1121 1638 saturarum

155 1665 368 1745 anthologiam,
397 1664 536 1725 edidisse.
582 1666 755 1725 Amicorum
778 1673 877 1725 autem
902 1668 1035 1726 carmina
1059 1670 1122 1727 suis

155 1757 291 1834 ipsorum
319 1755 459 1814 adiuncta
486 1772 546 1813 non
574 1772 643 1814 raro
671 1763 745 1815 tunc
772 1755 917 1833 temporis
947 1755 994 1815 rel
1016 1763 1121 1836 poetae

156 1843 278 1904 edidere
302 1842 348 1903 vel
371 1851 439 1922 post
462 1850 617 1922 poetarum
641 1852 768 1904 mortem
788 1845 877 1904 amici
900 1843 1014 1905 edenda
1037 1862 1122 1905 curn-

155 1951 241 2015 vere3
272 1935 359 1993 testis
392 1940 438 1993 est
472 1930 582 2012 sylloga
621 1931 796 1994 Tibulliana.
846 1932 968 2013 Priapea
1003 1952 1122 2013 quoque

155 2032 291 2101 tempore
316 2024 387 2082 satis
410 2028 528 2082 vetusto
553 2024 729 2082 concinnata
753 2039 820 2082 esse
843 2022 991 2084 videntur.
1027 2022 1121 2084 Multo

156 2112 278 2190 saepius
313 2109 456 2187 florilegio
494 2109 562 2170 talia
604 2111 740 2171 conlecta
778 2128 844 2170 esse
885 2110 960 2171 mibi
1001 2112 1120 2190 quidem

156 2198 318 2262 verisimile
346 2200 477 2279 videtur,
506 2217 633 2278 quorum
665 2201 808 2261 memoria
830 2208 934 2280 postea
959 2204 1120 2262 evanuerit

156 2290 307 2349 Ausonius
332 2306 451 2367 quoque
475 2288 657 2348 carminibus
677 2290 740 2350 suis
759 2288 815 2348 alia
834 2307 955 2368 quoque
979 2291 1123 2350 inseruit:

156 2374 289 2439 ‘versum
313 2378 378 2438 sine
401 2372 536 2437 auctore'
561 2395 649 2455 quem
673 2379 737 2457 ipse
761 2376 871 2437 refellit
890 2386 920 2437 et
938 2372 984 2448 Ὁ.
1004 2377 1121 2438 Cicero-

155 2470 205 2531 nis
227 2461 345 2527 versus'
368 2466 447 2527 idem
467 2473 676 2543 argumentum
695 2473 858 2527 tractantes
882 2467 960 2545 quod
980 2468 1045 2545 ipse
1065 2466 1122 2527 sibi

158 2566 371 2636 proposuerat3
386 2557 447 2634 qui,
462 2556 486 2616 si
502 2554 614 2615 codicis
628 2556 829 2634 antiquissimi
842 2553 978 2615 Vossiani
992 2554 1041 2615 lol.
1057 2552 1120 2616 111

156 2644 247 2706 verba
271 2645 509 2723 consideramus,
537 2662 596 2703 non
623 2662 784 2724 possumus
808 2642 957 2722 dubitare,
988 2646 1060 2723 quin
1085 2643 1122 2704 ab

156 2737 223 2813 ipso
247 2735 379 2795 Ausonio
402 2735 509 2793 inserti
533 2736 601 2794 sint.
637 2731 772 2811 Denique
796 2751 866 2792 vero
890 2732 993 2794 ultima
1017 2751 1123 2812 regum

157 2822 358 2884 Vandalorum
385 2829 482 2881 aetate
515 2839 548 2881 ea
581 2820 691 2901 sylloge
723 2824 860 2882 instituta
891 2830 949 2903 est,
983 2840 1058 2901 quae
1091 2824 1122 2883 in

158 2912 261 2973 codice
291 2910 473 2972 Salmasiano
505 2911 540 2971 ad
569 2920 703 2971 nostram
731 2918 856 2972 aetatem
886 2913 1030 2991 pervenit.
1080 2910 1122 2971 De

157 3020 215 3081 qua
245 3019 313 3062 cum
341 3018 422 3060 nunc
454 2999 613 3060 dicendum
647 3002 699 3078 sit,
727 3019 820 3079 pauca
852 3008 952 3061 tamen
986 3001 1022 3060 de
1055 3018 1119 3060 car·

158 3090 290 3159 minibus
309 3093 339 3150 in
358 3087 442 3149 libris
462 3091 550 3149 etiam
572 3088 786 3150 vetustioribus
810 3091 934 3149 servatis
954 3082 995 3172 (c.
1009 3081 1122 3170 1-62)

155 3181 354 3259 praemittam.

226 3266 379 3346 [Omnium
403 3268 533 3346 primum
556 3266 693 3345 ponenda
717 3274 803 3327 erant
827 3267 967 3327 carminis
988 3264 1122 3326 debello

156 3358 278 3419 Actiaco
307 3375 382 3436 qnae
416 3365 579 3435 supersunt
612 3357 643 3415 in
670 3373 782 3435 papyro
809 3354 1026 3416 Herculanensi
1054 3362 1121 3416 ante

156 3465 182 3508 a.
198 3443 239 3507 79
259 3448 386 3526 scripto;
406 3463 481 3524 qnae
502 3463 569 3505 cum
589 3446 620 3505 in
639 3445 684 3505 ed.
704 3463 749 3523 pr.
769 3462 823 3505 suo
842 3452 976 3522 tempore
995 3443 1122 3522 locoque

156 3535 298 3596 exhibere
322 3533 533 3616 neglexissem,
564 3533 600 3594 ad
624 3534 750 3596 alterum
778 3542 850 3595 tunc
873 3532 1048 3594 fasciculum
1073 3532 1122 3592 de-
