2672 3924
208 218 275 282 342
609 215 776 271 GARMINA

253 385 391 447 Occisum
414 383 541 445 credens
564 384 710 462 gaudebat
733 383 864 443 Maevius
887 382 1017 445 hostem:

297 473 403 534 Infelix
426 474 528 533 lratris
551 472 672 533 vulnere
696 473 791 533 laetus
815 479 887 533 erat.

252 562 314 623 Nec
337 562 422 623 licuit
444 581 505 622 nou
528 580 630 623 nosse:
654 563 738 622 ferox
762 561 832 621 dum
856 561 989 622 membra
1013 563 1131 623 cruenti
1209 577 1228 625 6

297 651 404 731 Nudat,
426 652 459 712 iu
483 654 602 712 exuvias
625 651 730 711 incidit
754 653 817 729 ipse
842 668 919 711 suas.

194 818 197 825 ¹
252 740 290 802 Et
313 740 412 801 scelus
435 750 465 801 et
488 741 611 800 fratrem
635 742 747 818 pariter
771 743 908 818 cognovit
931 749 961 801 et
984 758 1086 801 amens

297 824 372 890 ‘lloc
396 825 470 910 age',
496 831 545 907 ait,
569 826 676 890 ‘maius
700 847 780 889 nuno
803 829 858 889 tibi
881 839 974 889 restet
997 846 1081 908 opus

253 918 377 980 Vincere
400 920 545 979 rictorem
568 917 668 996 debes,
695 917 855 978 defendere
879 917 1009 978 fratrem.

297 1004 423 1068 Cessas?
447 1008 482 1067 ad
506 1007 621 1067 lacinus
646 1025 734 1086 quam
757 1006 845 1067 modo
869 1007 955 1067 sortis
979 1005 1057 1068 eras!
1192 1023 1228 1073 10

252 1097 385 1173 Terram,
409 1098 484 1176 lura,
507 1095 589 1176 deos,
613 1096 723 1156 bellum
747 1099 804 1156 iam
828 1095 936 1174 polluis
959 1098 1071 1175 ipsum:

296 1183 381 1255 Quod
405 1185 489 1245 civile
514 1185 579 1264 luit,
602 1186 646 1245 sic
670 1202 789 1264 quoque
813 1184 900 1263 culpa
924 1188 1029 1265 gravis.

252 1272 305 1334 llis
328 1273 465 1334 manibus
488 1275 601 1351 patriae
624 1283 657 1334 tu
680 1276 740 1333 iam
762 1276 811 1352 pia
834 1276 917 1352 signa
941 1277 1077 1353 sequeris

296 1363 388 1443 Miles,
412 1365 444 1423 in
467 1363 578 1423 Antoni
600 1362 719 1440 dignior
741 1365 786 1422 ire
810 1359 911 1423 rates?

252 1451 371 1530 Eripuit
394 1455 490 1512 virtus
512 1453 661 1530 pietatem,
686 1450 813 1512 reddere
837 1453 932 1512 virtus
1192 1468 1227 1517 15

238 1576 241 1581 «
296 1540 402 1601 Debet:
427 1559 484 1619 qua
508 1543 616 1619 rapuit,
639 1540 694 1600 hac
718 1539 883 1619 reparanda
906 1542 952 1601 via
977 1550 1031 1603 est.

252 1628 329 1700 Quid
352 1648 454 1689 moror
478 1625 623 1690 absolvi?
666 1628 754 1711 Dixit,
778 1628 934 1708 gladioque
958 1637 1084 1691 cruento

294 1717 442 1797 Incubuit,
465 1721 592 1797 iungens
616 1720 717 1778 fratris
741 1720 777 1779 ad
802 1737 852 1778 ora
877 1737 939 1779 sua.

252 1805 310 1886 Sic,
333 1806 474 1887 Fortuna,
498 1825 584 1885 regas
608 1826 726 1885 semper
750 1807 846 1867 civilia
871 1807 955 1887 bella,

295 1894 331 1955 Vt
355 1899 449 1956 victor
473 1898 550 1957 victo
575 1914 634 1955 non
658 1914 816 1975 superesse
840 1896 924 1958 veliti

149 2158 178 2196 Β.
191 2157 283 2197 111122.
310 2158 341 2197 m.
356 2159 402 2200 uc.
653 2161 720 2224 464

151 2211 242 2251 Peteon.
256 2211 284 2250 ed
305 2211 392 2252 Bueoh.

152 2264 325 2366 13.1vf8⁶³8.35'¹
644 2295 733 2348 1t0m

206 2410 348 2492 Inveniat,
372 2412 450 2491 quod
476 2414 603 2491 quisque
627 2411 706 2473 velit.
752 2430 811 2472 nou
835 2410 974 2472 omnibus
997 2430 1090 2472 uuum
1115 2421 1170 2495 est,

251 2498 335 2570 Quod
359 2501 464 2580 placet.
505 2501 555 2562 hic
579 2503 679 2580 spinas
703 2500 823 2582 colligit,
847 2499 897 2560 ille
920 2518 1013 2560 rosas.

277 2724 401 2778 4funere
410 2725 560 2794 Bocltrcus,
569 2725 657 2781 recte?
694 2730 709 2778 5
723 2724 802 2779 ferox
816 2726 867 2793 (sic
880 2726 1085 2796 iuterpuupcus)
1095 2725 1170 2782 Sedl-

205 2813 300 2866 ruaper
313 2812 397 2850 senex
415 2796 443 2851 V
454 2795 545 2850 scelus
558 2798 604 2852 uel
616 2797 696 2851 nefus
711 2796 846 2852 Heinsius
882 2798 999 2850 cruente
1017 2797 1140 2869 Sculiper

207 2871 223 2918 8
243 2868 293 2920 aut
316 2867 343 2921 V
394 2871 428 2920 10
447 2869 486 2936 at,
504 2867 627 2922 facinus!
649 2869 683 2923 L.
704 2868 821 2923 Mueller
876 2872 908 2920 11
927 2866 1033 2936 polluit
1050 2869 1084 2936 V,
1102 2886 1170 2924 corr.

206 2938 241 2991 L.
257 2938 375 2993 Mueller
429 2943 462 2991 12
483 2937 521 2992 sit·
535 2939 657 3010 Scoliper
702 2945 735 2993 13
753 2938 811 2994 iam
825 2939 922 3011 euulpo]
940 2942 971 2994 td
987 2940 1014 2994 V
1046 2938 1171 3010 sequeris

205 3008 347 3064 Bucltrcus
366 3008 485 3076 requiris
509 3011 536 3063 V
604 3016 639 3063 14
657 3010 767 3065 antonii
790 3012 817 3066 V
856 3013 934 3066 ratos
958 3013 985 3067 V
1000 3015 1062 3066 rate
1080 3013 1171 3066 Buch-

205 3097 268 3134 reus
323 3084 356 3132 15
375 3078 482 3148 pietali
498 3083 585 3136 bisiu
600 3082 633 3149 V,-
650 3083 767 3137 alterum
784 3084 886 3137 deleuit
903 3101 937 3136 ut.
956 3099 1005 3137 occ.
1057 3087 1090 3134 16
1104 3081 1170 3152 hac]

205 3150 257 3204 hec
277 3151 303 3204 V
357 3155 390 3204 18
410 3167 460 3204 ouo
484 3152 511 3206 V
527 3168 579 3205 sua
596 3153 719 3223 Scalipcr
772 3157 844 3206 201‘1
863 3152 903 3223 V]
922 3168 957 3205 ne
976 3152 1111 3207 Heiusc'us

277 3245 427 3294 464-479.
456 3240 588 3296 Pctrouio
609 3243 709 3297 tribuit
731 3241 853 3311 Scalipcr
875 3241 908 3295 iu
931 3240 1089 3309 Ootulectis,
1114 3243 1172 3297 uisi

205 3311 279 3378 quod
302 3315 363 3379 471,
386 3316 448 3375 474,
472 3317 535 3381 477,
553 3317 606 3367 478
628 3316 661 3368 iu
682 3314 786 3368 schedis
808 3329 894 3367 mauu
915 3314 1027 3382 scriptis
1049 3320 1172 3381 tautum,-

206 3381 241 3446 cf.
261 3383 298 3435 acl
317 3385 368 3435 466
388 3389 413 3436 ct
430 3387 492 3437 476.
519 3414 556 3424 —-
582 3384 654 3438 Item
676 3385 795 3455 siupulis
817 3386 900 3438 iusrr.
925 3384 954 3438 V.
997 3384 1047 3439 Ero
1068 3387 1172 3439 maiore

206 3451 300 3520 ulique
319 3468 396 3521 opere
414 3461 542 3524 excerpta
560 3473 613 3510 esse
631 3457 808 3522 muuifesiuru
826 3461 864 3510 cst

277 3539 346 3594 464.
365 3540 438 3594 Item
455 3543 497 3597 sic
519 3544 547 3598 V
603 3550 617 3596 1
637 3541 767 3596 inueniet·
790 3543 817 3597 V
850 3540 935 3610 uelet,
954 3544 1002 3598 secl
1019 3560 1087 3599 corr.
1112 3544 1139 3598 V

207 3612 223 3659 2
243 3608 367 3680 collegit,
385 3615 432 3668 sed
450 3620 519 3679 corr.
540 3614 567 3668 V
