2670 3920
461 214 601 271 conteis
621 215 850 271 SALMASIANI.
1077 216 1141 282 123

133 384 356 446 eliamnantes
379 384 467 445 lietus
490 402 593 445 casum
616 382 771 445 laudemus
796 382 912 463 ephebi,

219 474 279 545 Qui
303 475 366 535 siue
390 482 513 553 peccato
537 480 641 552 raptus
665 472 701 533 ad
725 481 805 533 astra
828 475 916 551 viget.

154 560 258 624 ⁴Velia
281 572 377 624 morte
401 581 454 624 sua
478 570 533 643 est,
556 560 648 624 celeri
672 580 760 641 quem
784 562 889 622 iuuere
913 569 1030 624 constat

219 650 286 712 Non
308 652 432 732 liquisse
456 660 581 732 patrem,
605 652 659 712 sed
682 650 830 730 placuisse
854 651 919 712 deo.

636 825 679 890 93

1082 913 1109 953 B.
1123 912 1195 952 M.-

452 940 502 996 De
524 939 651 997 iudicio
675 939 863 996 Salomonis
1062 966 1089 1007 n.
1104 967 1139 1007 1v
1148 967 1194 1007 aea.

172 1039 297 1102 iuventa
320 1049 367 1102 est
390 1042 470 1102 ferro
494 1044 590 1123 pietas
613 1040 787 1122 prolemque
812 1040 945 1102 necando

170 1129 337 1191 Conservat
359 1138 462 1212 mater,
486 1139 637 1192 contemto
661 1134 786 1210 pignore
809 1132 925 1192 victrix.

635 1306 679 1369 94

571 1422 621 1477 De
644 1434 742 1478 cereo

172 1521 268 1584 Lenta
290 1522 498 1602 paludigenam
522 1524 641 1583 vestivit
664 1540 733 1583 cera
755 1539 911 1601 papyrum,

219 1611 340 1673 Lumini
363 1619 397 1672 ut
419 1629 546 1672 accenso
570 1610 642 1671 dent
665 1611 803 1671 alimenta
828 1609 923 1670 simul.

635 1785 679 1849 95

604 1901 713 1956 Aliter

171 2002 211 2065 Vt
234 2002 339 2065 devota
362 2004 421 2082 piis
444 2001 610 2064 clarescant
632 2002 734 2063 limina
758 2002 884 2083 templis,

218 2092 360 2153 Niliacam
384 2093 458 2153 texit
481 2110 567 2153 cerea
591 2092 687 2152 lamna
710 2092 828 2153 budam.

170 2181 316 2260 Congrua
339 2181 479 2242 votiferae
504 2180 653 2242 submittit
675 2180 783 2261 pabula
805 2180 949 2258 flammae,

219 2270 301 2342 Quae
326 2273 415 2332 castis
438 2269 543 2349 apibus
566 2270 705 2350 praebuit
729 2278 796 2331 ante
821 2270 934 2331 domus.

636 2445 679 2510 96

383 2561 432 2615 De
455 2560 618 2631 magistro
640 2559 717 2617 ludi
738 2559 932 2630 neglegenti

171 2659 315 2721 Indoctus
340 2667 472 2721 teneram
496 2663 629 2740 suscepit
652 2661 777 2722 cauculo
800 2660 919 2742 pubem,

218 2749 314 2820 Quam
338 2757 424 2827 cogat
446 2751 558 2830 primas
582 2750 698 2811 discere
723 2749 878 2811 litterulas.

245 2901 384 2957 beffoebi
402 2903 430 2956 A
502 2904 576 2958 adt
594 2902 622 2958 A

176 3022 179 3031 ,
245 2973 295 3030 99.
325 2974 493 3043 lnegnndo
511 2975 540 3029 A
629 2975 807 3031 aconserua
828 2979 949 3031 matrem
968 2975 1009 3044 A,
1031 2992 1100 3033 corr.
1119 2994 1138 3030 a

171 3044 293 3115 pignera
311 3044 348 3114 A,
365 3062 435 3101 corr.
454 3063 473 3100 c

244 3114 295 3173 94.
319 3122 333 3170 1
375 3117 456 3186 apirfi
474 3116 503 3170 A
558 3123 573 3170 2
593 3118 662 3172 dent
679 3119 706 3172 A
726 3119 776 3172 det
792 3119 904 3174 Icr'etus

245 3187 295 3245 95.
326 3134 466 3243 Ιῗυωίῃκ
488 3207 506 3243 c
528 3187 628 3244 limina
645 3191 673 3243 A
754 3189 888 3245 2‘bude.
909 3189 1012 3243 storea’
1033 3189 1138 3244 Isidori

169 3261 277 3331 picenae
330 3259 464 3315 4d0mos
483 3278 501 3314 c

245 3330 295 3386 96.
313 3330 479 3400 neclegente
497 3331 532 3387 B.
561 3329 602 3385 De
621 3330 772 3402 magristro
786 3330 856 3384 nudi
873 3327 1056 3398 neglegentia
1079 3330 1106 3384 V

173 3407 189 3455 1
210 3400 328 3456 cauculo
347 3401 375 3456 A
398 3403 512 3471 (probat
530 3403 624 3458 Keller
646 3420 714 3458 mue.
733 3404 808 3458 rheae.
828 3407 871 3470 30,
886 3403 951 3471 303)
974 3400 1091 3456 centulo
1110 3402 1138 3456 B

171 3472 274 3526 canalo
290 3473 317 3527 V
334 3471 469 3543 ‘Calcul0,
487 3473 624 3543 magister
642 3474 714 3528 ludi'
730 3475 836 3530 Isidori
854 3474 957 3544 plassea
994 3474 1097 3528 bubem
1111 3476 1139 3528 A

172 3543 271 3613 pulem
294 3544 321 3598 V
408 3550 515 3614 2cogc
533 3546 561 3600 A
579 3548 592 3600 t
610 3547 675 3602 add.
695 3565 713 3601 a
753 3545 861 3617 primus
880 3545 907 3600 V
941 3544 1081 3601 litterales
1107 3547 1139 3614 V,

170 3631 243 3669 cerr.
263 3631 297 3669 m.
315 3631 366 3670 ecc.
