2672 3924
198 195 263 261 286
601 194 767 250 CARMINA

243 362 305 424 Nec
329 382 409 423 nunc
434 362 524 423 oblita
549 372 603 442 est,
627 363 767 440 quidnam
791 363 876 441 prius
900 373 981 421 esset
1003 364 1034 422 in
1058 361 1144 423 orbe:

289 456 347 513 Aut
370 453 444 512 haec
468 451 556 512 Picus
581 460 644 511 erat
667 460 719 511 aut
742 451 830 511 homo
854 469 960 511 rursus
984 452 1070 511 inest.

651 645 714 708 371

198 763 247 816 Do
270 760 399 816 rustica
421 761 457 816 in
480 760 574 817 disco
601 760 708 828 facta,
737 773 824 828 quae
852 759 985 828 spinam
1008 758 1098 814 tollit
1120 759 1164 814 do

553 848 671 918 planta
695 849 805 917 Satyri

245 968 336 1030 Cauta
359 971 448 1028 nimis
473 971 586 1046 spinam
612 968 708 1047 Satyri
733 967 808 1046 pede
833 968 944 1027 rustica
967 965 1053 1048 tollit,

287 1056 464 1118 Luminibns
488 1060 579 1117 certis
603 1057 735 1117 vulneris
759 1056 815 1117 alla
840 1066 955 1116 notans.

243 1146 324 1206 lllam
349 1146 476 1225 panduri
500 1146 613 1206 solatur
636 1165 708 1205 voce
732 1144 856 1225 Cupido,

286 1234 432 1315 inridens,
455 1235 542 1314 parili
565 1243 641 1295 teste
666 1252 768 1294 carere
793 1235 898 1294 virum.

241 1324 289 1384 Nil
312 1324 417 1384 lalsum
442 1323 547 1384 credas
570 1332 664 1384 artem
688 1324 795 1384 lusisse
820 1324 936 1400 figuris:
1184 1336 1200 1384 t

288 1411 357 1473 Viva
380 1416 479 1474 minus
503 1415 633 1491 speciem
657 1412 783 1472 reddere
807 1410 939 1472 membra
963 1409 1068 1471 solent,

304 1705 353 1758 De
376 1702 542 1759 colocasia
563 1605 729 1758 0000030γί20
751 1704 842 1759 tecto
866 1700 1051 1770 populante

358 1821 443 1882 Nilus
467 1840 555 1901 qnam
579 1823 673 1900 riguis
696 1824 774 1900 parit
797 1820 927 1901 fluentis,

357 1910 529 1971 Extendens
553 1910 698 1971 colocasia
721 1907 854 1989 †eorum

357 1999 474 2074 Ramos,
497 2019 552 2080 per
575 2002 704 2078 spatium
728 2002 827 2058 virens
851 2014 1016 2076 amoenum,

357 2088 437 2149 Haec
461 2091 572 2150 nostris
595 2089 708 2149 laribus
732 2096 830 2148 creata
854 2088 981 2148 frondet.

357 2177 499 2239 Naturam
523 2178 668 2238 famulans
693 2177 787 2257 opella
811 2179 908 2250 vertit,
1182 2188 1198 2237 t

357 2266 427 2327 Plus
451 2276 529 2328 tecto
553 2278 586 2328 ut
609 2269 715 2345 vigeat,
739 2266 815 2326 solet
838 2284 926 2344 quam
950 2264 1045 2324 laurio.

647 2459 712 2524 373

283 2558 331 2612 De
355 2571 396 2613 co
420 2557 481 2626 qui
502 2557 644 2626 podium
667 2554 909 2625 amphitheatri
931 2554 1073 2611 saliebat

240 2676 524 2755 Amphitheatralem
547 2676 669 2754 podium
693 2675 907 2735 transcendere
931 2674 1008 2734 saltu

243 2764 380 2826 Velocem
405 2765 503 2825 andivi
527 2767 673 2843 iuvenem,
696 2782 753 2824 nec
777 2764 900 2824 credere
925 2764 1007 2841 quivi

268 2919 371 2973 turbe
390 2920 418 2974 A

268 2990 336 3044 371.
365 2988 456 3044 saturi
473 2989 502 3043 A
562 2989 680 3058 lupina
699 2988 789 3042 saturi
807 2987 836 3041 A
891 2986 1010 3041 :illlum
1027 2986 1162 3056 pandorii

197 3060 303 3115 soletur
321 3063 361 3129 A,
380 3078 448 3116 corr.
468 3062 566 3115 Reum.
599 3078 666 3116 num
683 3059 870 3128 pandur(a)c?
947 3065 964 3112 4
982 3058 1069 3128 parili
1086 3062 1161 3113 teste

196 3148 291 3187 carere
314 3133 412 3188 Burni.
441 3130 551 3201 pariete
576 3133 649 3185 teste
676 3147 787 3201 gemere
806 3130 835 3184 A
863 3129 957 3184 dolere
983 3130 1125 3185 Froehner

196 3204 335 3273 dfiguras
354 3204 390 3258 A.
410 3221 478 3259 corr.
498 3203 595 3257 Burni.
652 3208 667 3256 6
686 3202 798 3256 reddere
816 3202 843 3256 A
881 3200 954 3255 solet
972 3203 1000 3254 A

266 3273 335 3330 372.
360 3275 428 3329 erba
448 3275 481 3330 A.
509 3291 577 3328 nunc
594 3273 772 3341 pullulante?
827 3278 947 3340 lquam
965 3273 1064 3327 Burin.
1084 3272 1161 3340 quod

195 3348 223 3399 A
278 3345 423 3400 20010000
448 3362 544 3399 eorum
566 3345 594 3399 A
621 3343 762 3399 colocasia
785 3342 936 3413 ampliores
954 3344 1068 3411 Barna,
1094 3345 1159 3411 fort.

196 3423 265 3471 recte
319 3415 461 3470 tirondit
479 3418 508 3470 A
562 3415 692 3485 topella
710 3417 810 3485 scripsi
828 3431 917 3484 opaca
931 3416 960 3469 A
1014 3414 1117 3468 6Pluc
1132 3414 1160 3468 A

196 3502 282 3552 quam
300 3484 330 3538 in
348 3487 445 3542 Barna.
483 3489 543 3540 orto
562 3488 591 3541 A

267 3576 440 3647 aranda
465 3591 805 3671 postumamphneanra
844 3590 1160 3661 1AmphitectralemA
