2654 3926
204 213 269 277 266
604 212 772 267 CARMINA

653 395 718 459 325

220 513 269 566 De
291 510 439 567 Romulo
463 510 564 579 picto,
587 510 650 566 ubi
671 511 706 566 in
729 510 837 566 muris
858 509 1001 565 fratrem
1024 510 1150 567 oecidit

203 628 290 690 Disce
313 631 396 708 pium
419 629 548 691 lacinus:
571 648 725 709 percusse,
749 629 882 711 Romule,
906 630 997 689 fratre

204 717 254 779 Sic
277 718 333 779 tihi
356 718 448 779 Roma
473 718 574 780 datum
610 719 700 780 huius
724 720 781 779 iam
806 721 926 778 nemine
950 718 1051 797 culpet

202 806 294 867 Nemo
319 818 348 869 le
372 800 511 891 c(a)edis,
534 826 687 869 murorum
713 810 737 868 si
761 808 848 868 decet
871 825 967 867 emen.

651 1001 717 1066 326

272 1117 321 1170 De
345 1129 385 1170 eo
410 1116 470 1184 qui
492 1115 618 1171 amieos
641 1117 685 1171 ed
707 1115 891 1185 prandium
913 1115 1091 1183 clamabat,

429 1208 469 1260 ut
490 1205 591 1273 plura
614 1208 815 1274 exposceret
837 1204 938 1260 xenia

336 1323 456 1385 Gaudeo
481 1325 560 1402 quod
585 1343 631 1383 me
655 1326 744 1383 nimis
768 1342 801 1383 ac
826 1323 999 1402 frequenter

335 1411 457 1474 Ambilu
480 1415 586 1494 pascis,
610 1412 761 1491 Blumarit,
786 1412 924 1490 superbe.

335 1502 418 1562 Vnde
442 1503 493 1562 sed
518 1498 646 1582 pascor?
670 1520 734 1561 mea
759 1510 829 1561 sunl
851 1519 906 1580 per
929 1520 1032 1562 omnes

336 1590 444 1671 Sparsa
469 1593 607 1652 convivas
630 1590 715 1652 hona.
757 1608 813 1650 nec
836 1589 978 1671 uolebam,

334 1679 476 1740 Pasceres
500 1699 678 1760 quemquam
702 1688 881 1759 peteresque
905 1698 1031 1760 mecum,
1186 1696 1203 1744 5

335 1768 378 1829 Ne
402 1769 456 1829 ubi
481 1771 639 1848 quicquam
664 1769 760 1848 detur,
785 1769 863 1828 uude
886 1786 999 1848 pascas

335 1856 398 1917 Hoc
422 1867 521 1918 tamen
545 1857 597 1917 sed
622 1859 741 1917 siritio
765 1859 886 1936 teneris,

334 1945 381 2006 Me
404 1964 512 2026 precor
535 1964 696 2026 numquam
721 1945 824 2006 iubeas
848 1949 955 2007 vocari.

649 2139 714 2203 327

338 2255 387 2309 De
411 2254 528 2323 auriga
551 2254 640 2309 elato
664 2253 864 2323 frequenter
887 2256 1031 2311 cedente

201 2373 369 2434 pascasium
394 2375 526 2451 aurigam
548 2373 652 2452 pepuli
676 2374 782 2434 sortem
807 2391 872 2433 esse
898 2373 1037 2453 latentur,

201 2463 255 2521 Ast
278 2480 332 2540 ego
356 2480 416 2522 nen
440 2462 518 2523 aliud
543 2481 632 2541 quam
655 2462 774 2541 turgida
796 2461 928 2522 membra
953 2463 1061 2523 notabo

200 2549 397 2630 lullalumque
421 2560 511 2631 caput
534 2550 651 2629 papulis
675 2559 705 2611 et
728 2553 821 2611 amica
845 2553 940 2611 ruinis

200 2638 334 2721 Brachia,
358 2659 434 2718 quae
458 2659 619 2718 numquam
643 2649 726 2700 recto
750 2640 951 2700 moderamine
975 2640 1101 2702 frenant.

200 2727 267 2788 Mox
290 2729 369 2790 cadit
393 2738 423 2789 et
446 2730 551 2809 surgit,
575 2748 696 2789 rursum
720 2729 807 2808 eadit,
831 2729 900 2789 inde
924 2734 1056 2809 resurgit
1184 2747 1201 2795 5

200 2815 238 2877 Et
261 2817 349 2900 cadit,
372 2828 406 2878 ut
429 2820 547 2878 miseris
571 2818 746 2897 frangantur
770 2836 858 2879 crura
881 2817 1012 2878 caballis.

271 2968 338 3025 325.
356 2968 418 3041 ubi]
437 2988 505 3025 uum
523 2969 590 3038 qui?
650 2976 666 3024 2
686 2970 782 3040 culpei
799 2973 899 3040 scripsi
918 2970 1002 3040 culpe
1020 2973 1048 3027 A
1067 2971 1165 3041 culpet

200 3041 298 3096 Burm.
354 3046 370 3093 3
389 3048 428 3096 est
445 3059 540 3097 uersus
558 3059 707 3111 nemereus,
726 3045 757 3097 id
775 3045 848 3112 quod
864 3044 940 3098 aradii
959 3043 1106 3113 Klappius

271 3110 339 3168 326.
368 3110 447 3165 senia
466 3114 494 3167 A
566 3113 657 3181 lqod
675 3114 704 3169 A
776 3119 836 3168 2et
855 3119 870 3166 5
891 3129 966 3182 pose.
987 3114 1128 3170 Baehrens

199 3187 349 3252 4sparsas
368 3188 394 3236 A
450 3183 560 3237 lsilu
578 3204 597 3237 α

270 3254 339 3308 327.
362 3252 514 3323 aurigilato
534 3255 562 3309 A
584 3254 644 3310 lato
667 3258 712 3311 uel
729 3254 828 3309 inflato
847 3255 945 3310 Burm.
970 3254 1046 3310 elato
1064 3274 1111 3326 eqo
1130 3260 1163 3313 el.

201 3329 260 3379 u.1
344 3332 358 3378 1
378 3324 499 3379 fortasse
518 3327 554 3394 A,
573 3330 680 3382 correxi
757 3333 772 3380 2
791 3326 907 3380 turbida
924 3328 962 3394 A,
981 3344 1050 3383 corr.
1065 3330 1163 3386 Burm.

198 3394 298 3448 notaui
317 3396 481 3451 &hubertus
541 3403 557 3450 3
576 3398 690 3466 papulis
709 3399 870 3453 Doelmerus
892 3396 1005 3467 populis
1022 3401 1051 3454 A
1069 3399 1163 3469 plagis

199 3464 329 3533 Meyerus
356 3467 452 3534 pronis
475 3471 581 3537 putaui
607 3470 652 3523 uel
674 3467 795 3537 propriis
885 3473 902 3520 4
925 3485 998 3536 quae
1021 3470 1163 3544 Dueeuer]

198 3536 338 3660 ffiress
376 3541 449 3590 re⁰l0
468 3542 495 3591 A
588 3544 603 3591 5
623 3538 714 3609 surgit
732 3539 890 3610 Klappius]
910 3539 988 3593 cadil
1005 3541 1033 3595 A
1052 3542 1164 3597 scandit
