2654 3926
206 220 274 285 250
606 218 774 275 CARMINA

272 386 346 447 Nam
370 388 396 446 si
419 394 570 447 constaret
593 385 678 446 libris
700 385 871 465 longissima
896 386 1006 468 multia,

318 475 460 537 Fastidita
484 476 582 537 lorent
604 475 732 553 plurima
756 472 831 555 †vel
854 477 935 537 vitio.

655 685 719 750 291

206 783 433 840 Trochalcum
456 785 500 839 de
522 783 685 854 piscibus,
708 783 769 853 qul
790 783 834 839 ab
857 783 1055 840 hominibus
1076 783 1172 840 cibos

599 871 778 942 capiebant

272 991 369 1053 Verna
393 991 508 1053 clausas
531 993 611 1052 inter
633 991 729 1052 undas
752 1000 783 1052 ot
805 991 926 1052 lacunas
949 994 1046 1071 regias

272 1081 408 1142 Postulat
431 1080 514 1141 eibos
538 1079 662 1141 diurnos
686 1099 737 1140 ore
760 1082 853 1159 piscis
875 1080 995 1160 parvolo

271 1169 333 1230 Nec
356 1187 477 1231 manum
501 1170 577 1249 sugit
599 1176 721 1230 vocatus
745 1188 802 1231 nec
824 1173 956 1249 pavescit
978 1172 1062 1232 retia.

272 1259 394 1319 Roscidi
417 1259 468 1319 sed
493 1260 588 1319 amnis
612 1276 716 1318 errans
739 1257 809 1319 hinc
834 1259 956 1320 atinde
979 1262 1112 1338 margine

273 1347 343 1409 Odit
366 1348 452 1409 ardui
475 1346 620 1427 proeellas
644 1356 675 1407 et
697 1346 792 1408 dolosi
816 1349 953 1427 gurgitis,

272 1439 314 1498 Aa
338 1455 434 1518 snum,
459 1455 519 1516 quo
542 1436 615 1497 libet
638 1454 713 1514 esse,
737 1447 925 1497 transnatans
948 1436 1020 1498 nolit
1042 1454 1132 1496 mare.

273 1525 324 1587 Sic
348 1527 456 1587 lamem
479 1536 564 1605 gestu
589 1525 706 1604 loquaci
729 1533 759 1586 et
781 1527 894 1586 mitiori
917 1523 1057 1607 †vertiae

270 1614 365 1676 Discit
387 1616 436 1677 ille
461 1634 549 1694 quam
573 1617 612 1675 sit
636 1622 738 1694 aptum
762 1617 874 1675 ventris
897 1623 961 1676 arte
985 1616 1114 1676 vincere.

653 1825 719 1889 292

202 1940 460 1998 Archilochium
479 1941 521 1995 dc
536 1954 618 2009 apro
634 1939 813 1995 mitissimo
827 1939 863 1995 in
877 1939 1024 1995 triclinio
1039 1939 1169 1995 nutrito

1195 488 1229 537 10

1208 1361 1224 1409 5

269 2059 372 2120 Martis
395 2078 469 2139 aper
490 2061 609 2137 genitos
632 2061 710 2136 iugis
733 2061 832 2119 inesse
858 2060 1004 2119 montium
1125 2088 1156 2140 p.
1167 2076 1222 2127 159

269 2149 418 2225 Frangere
443 2148 501 2226 [et]
524 2148 715 2209 horrisonum
739 2166 845 2209 nemus
869 2148 999 2208 ferocius
1023 2147 1131 2229 solens,

268 2238 378 2299 Pabula
401 2237 569 2317 porticibus
593 2239 672 2316 capit
695 2236 823 2298 libenter
846 2238 946 2297 aureis

268 2327 307 2388 Et
330 2329 427 2407 posito
452 2327 597 2388 famulans
620 2328 722 2386 lurore
746 2333 893 2404 temperat
915 2327 1024 2407 minas;

268 2415 330 2477 Nee
353 2416 456 2477 Parios
479 2416 593 2496 lapides
616 2415 733 2476 revellit
755 2433 808 2475 ore
831 2433 955 2493 spumeo

269 2507 350 2566 Atria
374 2524 429 2566 nec
453 2505 566 2566 rabidis
590 2505 697 2565 decora
721 2503 819 2564 laedat
844 2502 971 2583 ungulis,

271 2594 330 2655 Sed
354 2594 466 2654 domini
490 2594 634 2672 placidam
660 2611 779 2653 manum
804 2596 923 2670 quietus
947 2601 1091 2671 appetens

268 2683 317 2744 Fit
339 2684 432 2762 magis
457 2690 490 2743 ut
513 2681 637 2743 Veneris
661 2682 777 2743 dicatus
800 2681 849 2741 ille
874 2683 917 2742 sic
942 2683 1044 2742 saeris.

273 2840 307 2889 10
325 2835 372 2890 uel
389 2834 490 2888 merito
508 2837 612 2890 conieci
628 2835 705 2889 bella
723 2833 779 2888 cito
798 2835 957 2904 Petschenig

272 2906 341 2962 291.
360 2905 498 2961 Ττοοαὶῡιῑ
512 2906 615 2976 dasqq.
630 2906 659 2961 A
695 2906 780 2974 aybos
794 2905 823 2960 A
866 2903 1056 2958 2PostulaA
1086 2885 1166 2975 pisca}

200 2978 228 3032 A
263 2977 398 3046 paruolus
416 2979 458 3046 A,
476 2994 546 3032 corr.
564 2978 606 3031 A¹
696 2976 802 3049 achi
819 2976 848 3031 A
887 2975 1019 3045 pupcscit
1036 2976 1079 3044 A,
1097 2994 1166 3034 corr.

199 3049 365 3104 Daehnernc
400 3048 481 3117 regia
490 3050 527 3116 A,
537 3065 605 3103 carr.
616 3048 789 3104 Stadenrnnd
824 3046 980 3101 4Roscidis
995 3046 1067 3101 edA
1092 3064 1166 3102 mar-

222 3120 280 3174 ‘nes
294 3120 322 3174 A
372 3125 388 3172 5
408 3118 535 3187 gurgites
554 3120 582 3173 A
633 3125 649 3173 6
668 3119 741 3173 liber
755 3135 816 3173 essa
830 3119 858 3173 A
872 3118 944 3172 libet
958 3119 1072 3190 Maehly
1091 3122 1167 3174 essct

264 3193 307 3247 bn.
363 3189 432 3245 colit
449 3191 558 3246 Dnehn.
583 3189 656 3244 solet
673 3191 702 3245 A
721 3190 813 3243 sulcat
831 3191 1003 3246 Stademwnd
1076 3196 1090 3243 ‘l
1109 3208 1167 3246 nan

199 3264 369 3333 intellegitur
422 3261 556 3315 8Disoos
575 3260 723 3330 illaquam
736 3261 774 3329 A,
792 3278 860 3316 corr.
877 3281 896 3313 or
932 3263 1016 3329 aptus
1035 3261 1167 3332 Meyerna

271 3334 339 3389 292.
355 3332 497 3387 Arcilocid
511 3333 546 3386 de
559 3350 613 3404 sqq.
629 3334 658 3387 A
684 3332 772 3388 missd
787 3333 815 3387 A
829 3331 979 3386 mitissimo
993 3334 1099 3403 scripsi.
1128 3352 1167 3389 an

199 3403 328 3458 Misuac?
351 3405 424 3474 qnod
446 3410 484 3459 est
507 3407 639 3474 oppidum
659 3404 822 3476 Carthagini
840 3406 1030 3474 propinananr
1101 3406 1167 3459 tet

200 3475 304 3545 Meyer,
318 3492 368 3530 ona.
383 3474 411 3528 A
443 3477 472 3528 et
486 3475 642 3529 amisorum
656 3478 761 3532 conicio
796 3475 915 3529 ferotius
930 3476 957 3530 A
1007 3474 1166 3531 dfamulas

200 3545 239 3612 A,
256 3562 325 3599 carr.
339 3546 481 3600 Baehrens
535 3551 551 3599 6
570 3545 672 3614 rapitis
687 3548 714 3600 A
732 3544 839 3600 rabidis
859 3547 977 3602 Mueller
1012 3546 1093 3619 fedat
1107 3547 1135 3602 A

202 3614 371 3683 tplacitam
390 3616 532 3671 Baehrens
599 3617 662 3671 8It
680 3619 827 3688 Klappina
864 3617 904 3671 sia
922 3619 1064 3674 Baehrens
1082 3617 1121 3673 sit
1138 3621 1166 3675 A

1205 2430 1221 2478 h
