2654 3926
204 180 269 245 228
409 152 413 159 ⁴
605 181 773 237 cranius

551 344 648 409 XXII
671 344 821 411 Formica

202 455 329 516 Provida
353 473 419 515 suin
443 457 528 533 vitae,
552 455 628 515 duro
652 474 712 516 non
735 458 819 534 pigra
842 455 945 536 labori,

203 544 270 623 lpsa
294 545 394 605 serens
417 549 530 605 umeris
554 562 677 604 securae
700 546 832 624 praemia
855 543 987 606 brumae.

202 633 265 695 Nec
288 652 360 713 gero
384 651 487 713 magna
512 632 609 713 simul,
633 633 685 694 sed
710 651 839 712 congero
863 634 955 694 multa
979 635 1118 695 vicissim.

563 786 676 854 XXIII
698 788 811 854 Musca

203 900 332 981 Inproba
356 918 431 981 sum,
455 901 559 960 fateor.
601 900 673 979 qnid
697 902 776 960 enim
799 899 867 978 gula
890 908 978 978 turpe
1002 898 1145 962 veretur?

202 990 326 1068 Frigora
351 988 486 1070 vitabam,
511 1007 586 1068 quae
611 1007 690 1049 nunc
714 997 824 1049 aestate
849 997 997 1071 revertor3

204 1079 263 1140 Sed
287 1081 347 1139 cito
371 1076 585 1138 submoveor
608 1077 681 1138 falso
705 1080 867 1139 conterrita
892 1087 989 1140 vento.

533 1217 663 1299 XXIIII
687 1233 840 1300 Curculio

182 1343 269 1406 ‘Non
293 1344 391 1406 bonus
414 1344 562 1426 agricolis,
586 1362 646 1405 non
670 1344 807 1423 frugibus
830 1344 913 1405 utilis
936 1343 1054 1425 hospes,
1167 1343 1169 1348 ’

202 1434 278 1495 Non
301 1453 427 1513 magnus
451 1435 554 1514 forma,
577 1452 647 1499 non
670 1444 753 1495 recto
776 1436 896 1495 nomine
920 1434 1027 1513 (lictus,

202 1522 277 1585 Non
301 1533 404 1602 gratus
428 1522 530 1584 Cereri
553 1541 622 1584 non
645 1542 787 1603 parvam
812 1541 910 1583 sumo
934 1525 1100 1601 saginam.
1191 1587 1194 1592 ,

592 1695 684 1761 XXV
707 1697 779 1761 Mus

201 1809 295 1869 Parva
319 1808 391 1867 mihi
415 1806 520 1868 domus
544 1816 598 1887 est,
621 1807 674 1868 sed
698 1809 784 1868 ianua
809 1824 927 1887 semper
950 1814 1060 1886 aperta.
1185 1821 1220 1871 90

202 1898 317 1976 Exiguo
343 1905 464 1975 sumptu
488 1897 597 1957 furtiva
620 1898 686 1956 vivo
711 1897 819 1974 sagina.

203 1986 289 2058 Quod
308 1986 383 2046 mibi
401 2003 509 2046 nomen
528 1988 616 2065 inest,
638 1984 748 2044 Romae
769 2004 887 2064 quoque
907 1983 1012 2046 consul
1030 1983 1167 2046 habebat.

574 2140 686 2206 XXVI
709 2139 794 2204 Grus

201 2255 315 2315 Littera
339 2271 406 2313 sum
430 2252 503 2313 caeli
526 2254 616 2331 pinna
640 2254 807 2331 perscripta
830 2250 949 2331 volanti,

201 2343 282 2404 bella
306 2351 430 2404 cruenta
454 2359 562 2421 gerens
585 2340 698 2402 volucri
721 2340 893 2401 discrimine
916 2339 1028 2402 blartis.
1127 2357 1223 2422 11146

201 2432 264 2493 Nec
288 2450 396 2493 vereor
417 2448 542 2511 pugnas,
565 2430 635 2490 dum
660 2448 719 2490 non
744 2431 783 2490 sit
805 2428 922 2509 longior
944 2429 1049 2491 bostis.
1187 2443 1222 2491 95

274 2586 339 2641 Rcc.
358 2585 399 2641 B:
428 2590 461 2638 83
475 2585 591 2651 sonasse
610 2584 712 2637 cuncta
762 2588 796 2636 86
816 2598 993 2637 commoneor
1054 2589 1088 2639 88
1106 2582 1167 2637 Nec

202 2687 236 2697 -
251 2672 303 2710 nec
359 2660 392 2709 89
411 2654 472 2710 Nec
490 2654 589 2708 -sed
608 2653 700 2707 mulla
718 2653 784 2707 uiuo
804 2653 904 2721 sagina

274 2803 307 2851 81
327 2798 399 2851 duro
418 2799 435 2869 β
452 2815 486 2852 nc
498 2816 547 2878 pr.
585 2796 682 2849 labore
696 2796 751 2850 AI
801 2800 834 2848 89
853 2794 977 2849 humeris
991 2795 1045 2867 Do
1062 2789 1167 2849 umeris

201 2869 249 2922 uel
268 2884 364 2923 secure
378 2868 407 2922 A
424 2884 528 2922 umens
546 2885 597 2937 pro
617 2868 686 2920 duro
705 2882 802 2920 mense
820 2866 974 2940 brumalili
1022 2871 1057 2921 83
1076 2865 1168 2921 multa

203 2941 305 2993 cuncta
318 2937 446 2992 uicissim
454 2940 483 2993 A
487 2961 497 3005 ;
511 2955 573 3010 ergo
588 2941 690 2992 cuncta
699 2941 731 2992 c'n
740 2938 767 2991 Β
780 2939 893 2993 uidetur
905 2939 991 3006 fuisse
1005 2937 1107 3009 (multa
1121 2940 1148 3011 β)

204 3016 238 3064 84
257 3008 338 3079 gylla
351 3010 379 3064 A
439 3014 472 3062 85
486 3011 643 3064 reuertard
702 3013 736 3063 86
753 3008 921 3063 submoneor
937 3011 981 3064 ud
999 3009 1168 3063 submoneor

201 3082 230 3134 A
267 3079 404 3150 Gurgulio
425 3082 526 3153 αβθΙ
594 3086 627 3135 87
646 3079 728 3135 bonis
748 3101 766 3134 α
803 3079 937 3150 agniculis
959 3082 1000 3152 fid
1034 3097 1091 3134 non
1109 3080 1177 3133 fru-¹

201 3152 285 3221 gibus
304 3153 377 3224 edd]
400 3151 529 3221 frugibus
552 3155 613 3223 (one.
632 3155 699 3218 non)
719 3152 755 3221 A,
779 3150 909 3220 frugibus
927 3168 984 3205 nou
1002 3151 1065 3207 DB
1114 3168 1167 3205 nec

201 3224 350 3280 Panionion
386 3223 471 3277 utelis
489 3224 518 3276 A
553 3221 650 3292 hospis
669 3224 721 3278 Ad
794 3228 827 3277 88
846 3222 874 3276 A
888 3249 921 3268 =
936 3224 965 3278 B
983 3239 1040 3275 non
1058 3224 1168 3294 rectogi

200 3294 316 3349 nomina
334 3296 362 3350 A
408 3299 442 3349 89
461 3296 505 3349 Ne
523 3295 628 3363 gradun
647 3294 675 3349 A
712 3309 847 3362 sagenam
861 3314 887 3349 α.
912 3294 1022 3348 A=B
1063 3298 1167 3362 90119-

201 3383 263 3418 rum
282 3366 311 3420 A
347 3368 391 3420 est
408 3383 459 3421 om.
478 3366 506 3420 A
556 3371 589 3419 91
610 3368 722 3434 sumpto
741 3365 769 3419 A
805 3380 930 3434 sagonna
949 3386 968 3419 α
1027 3371 1060 3419 98
1079 3363 1168 3418 michi

203 3435 231 3489 A
267 3435 487 3515 IiomaeflGIL
500 3436 728 3492 TroiacAdoH
765 3435 855 3488 XXVI
865 3434 947 3489 Gruia
961 3437 1013 3491 Ad
1027 3435 1131 3509 011118

203 3510 237 3557 93
256 3522 358 3573 pinnas
376 3507 404 3561 A
422 3524 516 3576 penna
533 3508 591 3562 rell.
642 3505 766 3561 uolantis
785 3508 851 3562 libri
874 3506 1131 3563 bullonensem

203 3579 238 3627 94
256 3575 380 3646 uolucri?
399 3580 428 3631 A
463 3577 662 3649 discriminali
718 3583 751 3631 95
770 3580 938 3651 pugnensfi
974 3576 1086 3648 longius
1104 3579 1133 3632 A
