2654 3926
606 213 773 270 CARMINA

654 432 718 496 361

492 548 532 603 In
554 548 730 617 psaltriam
752 547 890 603 foedam

295 668 369 730 Cum
393 668 481 729 saltas
505 670 624 747 misero,
647 665 773 748 Gallula,
797 686 921 747 corpore

294 759 355 818 Nec
380 760 518 836 cuiquam
541 757 657 817 libitum
682 765 736 838 est,
760 757 889 838 horrida,
913 757 991 836 quod
1015 757 1097 838 lacis,

294 848 429 907 lnsanam
453 849 553 925 petius
577 855 606 906 le
630 846 723 925 probe
751 845 910 926 psaltriam,

294 934 375 1006 Quae
400 934 514 994 loedar'n
538 935 643 995 faeiem
668 934 798 995 motibus
822 937 958 1013 ingraves

295 1024 341 1104 Et,
365 1024 436 1084 dum
460 1024 625 1104 displiceas,
649 1043 783 1103 quosque
808 1025 886 1084 ieras
911 1026 1001 1084 iocos.
1189 1038 1205 1087 t

295 1113 408 1193 Credis,
433 1113 511 1191 quod
535 1113 662 1191 populos
685 1113 815 1193 cymbala
841 1109 1012 1174 mulceant?

293 1201 386 1262 Nemo
410 1202 553 1262 iudicium
578 1201 634 1261 lale
658 1203 748 1261 auinri
772 1203 857 1282 gerit,

293 1291 351 1351 Pre
377 1300 404 1352 [e
429 1298 461 1351 ui
484 1309 544 1350 nou
569 1292 656 1350 etiam
681 1291 785 1370 gaudia
810 1291 935 1352 deserat.

654 1536 719 1600 362

296 1652 385 1707 Item
408 1652 450 1707 de
474 1666 527 1718 ee,
552 1652 646 1722 quod
668 1655 709 1707 ut
731 1654 904 1708 emeretur
926 1652 1075 1721 praemia

576 1741 797 1810 promittebat

250 1858 307 1930 uui
331 1860 413 1939 iacis,
437 1868 470 1919 ut
494 1862 623 1938 prelium
647 1862 834 1939 promittens,
858 1859 984 1941 Gallula,
1008 1857 1141 1922 ameris?

292 1947 333 2008 lla
357 1951 495 2028 pretium,
519 1967 556 2008 ue
580 1957 609 2009 te
634 1950 733 2008 oderis
757 1951 819 2028 ipsa
844 1948 944 2009 simul!

247 2036 380 2097 Praemia
405 2056 460 2098 eur
483 2034 605 2116 perdis?
642 2056 697 2097 cur
721 2038 849 2115 spondes
875 2056 998 2098 munera
1021 2035 1132 2099 taulis?

292 2128 401 2205 Accipe
425 2135 458 2186 tu
481 2128 620 2206 prelium,
644 2146 682 2186 ne
707 2127 877 2186 milidone
903 2126 993 2187 feras!

247 2214 311 2275 Non
337 2224 382 2276 esi
405 2224 465 2275 tam
489 2215 625 2294 pretulans
649 2218 822 2295 pariterque
846 2219 969 2276 insanus
993 2224 1115 2296 amator,
1187 2230 1203 2277 5

292 2303 350 2375 Qui
375 2314 402 2365 le
427 2323 486 2364 nou
509 2305 611 2365 credat
635 2305 797 2384 prodigiale
822 2305 939 2365 malum.

248 2393 305 2454 Sed
331 2395 357 2453 si
380 2394 456 2454 lerte
481 2393 588 2473 aliquis
612 2394 754 2453 moechus
774 2395 905 2454 surrexit
923 2392 959 2453 ab
980 2393 1102 2472 umbris,
1126 2422 1155 2474 p.
1165 2408 1222 2460 132

291 2481 347 2543 Cui
370 2482 436 2543 talis
461 2482 585 2563 placeas,
609 2482 679 2543 huic
703 2493 752 2543 lua
777 2483 853 2542 dona
878 2482 954 2543 date.

273 2706 341 2762 eei.
369 2707 402 2761 In
426 2706 574 2775 spaltriam
596 2706 693 2761 fedam
716 2709 743 2761 A
834 2712 848 2759 1
873 2705 983 2760 eatiula
1005 2707 1169 2762 Duelmerus

202 2778 317 2847 garrula
335 2799 354 2832 α
413 2776 562 2831 alibitum
581 2780 679 2834 Burm.
699 2777 788 2832 libido
806 2778 835 2832 A
897 2779 1001 2846 apulo
1020 2779 1168 2849 Maelelyue

202 2850 321 2932 spaltrid
336 2851 363 2903 A
418 2856 435 2903 4
449 2848 552 2903 faeiem
567 2879 572 2890 ·
588 2867 643 2922 que
659 2848 687 2903 A
723 2847 857 2918 ingrebas
871 2848 899 2902 A
917 2846 1051 2917 ingrauas
1065 2850 1149 2919 uulpo

202 2920 380 3004 ddrsphees⁸
394 2921 422 2974 A
499 2920 638 2990 dpopulo
662 2921 697 3004 A,
711 2919 848 2990 populum
867 2941 886 2974 α
964 2920 1085 2974 italem
1105 2920 1133 2975 A

201 2993 433 3118 lolelOBleteehleul
457 2990 1167 3134 affligem·ezeeegwgglgueffflggmhesssffiteff

273 3185 342 3242 862.
367 3192 380 3239 1
402 3185 456 3251 Qui
477 3188 577 3257 scripsi
601 3186 675 3252 Quid
693 3188 721 3239 A
744 3186 796 3240 Cui
815 3186 849 3242 L.
869 3186 989 3241 Mueller
1042 3184 1168 3259 precium

201 3258 230 3311 A
273 3257 406 3328 promitts
425 3259 462 3325 A,
480 3275 549 3313 corr.
568 3259 610 3313 A¹
654 3258 796 3327 poscendo
816 3256 931 3328 garrula
950 3278 969 3311 α
1014 3273 1111 3311 amens
1130 3257 1168 3325 A,

201 3346 270 3384 eurr.
291 3348 309 3383 a
380 3326 520 3382 auiderit
537 3328 586 3382 ille
605 3330 639 3384 L.
660 3329 780 3384 Mueller
851 3327 1003 3396 dependis
1021 3329 1050 3383 A
1086 3331 1169 3382 tanta

201 3401 266 3454 olim
283 3401 384 3469 scripsi
450 3399 611 3472 4prpcium
629 3401 657 3454 A
726 3399 898 3468 tpedulans
913 3400 940 3452 A
977 3402 1055 3453 amat
1073 3399 1101 3454 A
1137 3415 1169 3452 or

201 3539 265 3662 e7rdd.
290 3559 309 3594 a
350 3610 378 3664 A
398 3546 414 3594 6
438 3490 566 3609 prodilale
594 3543 621 3594 A
649 3540 690 3611 (gi
718 3543 782 3596 adel.
810 3559 883 3596 man.
910 3542 1114 3610 antiquiesima)

237 3625 331 3663 metus
