2672 3924
431 200 569 257 coniers
588 200 816 256 SALMASIANI.
1044 197 1107 262 287

190 371 277 431 Hunc
301 371 460 451 hominem,
484 370 584 448 potius
608 367 659 428 sed
684 386 776 449 avem,
801 369 825 426 sl
849 366 917 427 talia
942 367 1042 444 gessit.

191 460 229 521 Et
252 463 339 538 posui
362 460 442 539 huie,
467 459 569 538 fateor,
593 476 639 516 me
663 456 768 516 Dorica
793 457 860 515 vina
884 456 1032 535 daturum,

192 549 372 628 Conspieere
396 558 430 608 ut
453 565 573 626 possem
596 549 670 606 tanti
694 564 768 605 nova
792 545 868 604 laeta
892 544 1010 604 laboris.

190 639 301 717 Aspexi
325 640 480 715 vietusque
506 635 575 695 dedi
598 636 744 713 promissa
768 636 880 711 petenti

135 772 138 779 .
190 728 288 806 Atque
312 744 378 786 meo
403 727 520 804 gravior
543 723 616 783 levis
640 726 738 783 extitit
761 721 810 782 ille
834 721 954 801 periclo.

191 816 257 875 Non
281 819 338 875 iarn
362 813 492 874 mirabar
517 815 624 873 sumtis
648 823 686 892 te,
710 810 845 893 Daedale,
868 812 971 889 pinnis

191 904 253 964 Isse
277 922 331 982 per
355 903 504 963 aetherios
529 910 633 961 natura
658 908 776 962 errante
802 912 929 960 meatus:

96 1006 127 1056 10
191 992 278 1052 Hunc
303 995 395 1070 magis
420 990 561 1070 obstipui,
586 1008 685 1051 eoram
710 991 762 1067 qui
785 989 871 1068 plebe
896 988 1009 1048 videnti

192 1080 332 1161 Corpore,
357 1100 415 1141 non
440 1082 548 1161 pinula,
573 1080 689 1158 lastigie
714 1097 828 1139 summa
853 1077 966 1137 volavit.
1069 1089 1165 1157 p.185

596 1254 662 1318 374

218 1355 268 1409 De
286 1353 434 1423 Diogene
453 1352 556 1422 piato,
577 1352 640 1408 ubi
656 1350 847 1408 lascivienti
866 1349 1039 1405 menetrix

159 1444 302 1498 barbam
326 1442 443 1498 evellit
466 1445 501 1497 et
525 1442 656 1510 cupido
680 1440 800 1510 mingit
821 1440 857 1495 in
879 1439 1000 1518 podioe
1025 1437 1098 1493 eius

146 1561 308 1641 Diogenem
332 1564 474 1622 meretrix
498 1560 631 1620 derisum
655 1559 745 1618 Laida
769 1567 916 1619 monstrat

192 1651 408 1729 Barbatamque
433 1667 547 1708 comam
573 1649 683 1726 lrangit
706 1650 799 1708 amica
824 1645 932 1707 Venus.

147 1739 209 1800 Nee
234 1743 329 1800 virtus
353 1740 443 1798 animi
468 1756 522 1797 nee
547 1749 645 1798 castae
669 1738 774 1796 semita
799 1738 875 1796 vitae

191 1828 404 1906 Philosophum
429 1836 557 1908 revocat,
581 1828 710 1904 turpiter
735 1843 800 1886 esse
829 1827 935 1886 virum.
983 1816 986 1821 ’

112 1929 128 1978 5
149 1915 211 1977 Hoc
236 1919 296 1995 agit
319 1915 431 1995 infelix,
456 1915 528 1975 alios
553 1935 610 1995 quo
635 1933 723 1994 saepe
747 1917 867 1977 notarit.

192 2004 337 2084 Quodque
368 2006 457 2065 nimis
481 2008 627 2065 miserum
650 2014 709 2065 est:
737 2005 881 2082 mingitur
909 2002 1113 2081 archisophus.

597 2197 662 2261 375

146 2296 196 2350 De
219 2296 310 2349 catto
335 2294 409 2363 qui,
438 2307 517 2349 eum
544 2293 688 2349 soricem
716 2292 879 2348 maiorem
907 2294 1115 2360 devorasset,

358 2384 575 2452 apoplexiam
597 2396 719 2451 passus
743 2383 905 2438 oeoubuit
1048 2387 1169 2481 prllgffj

148 2502 279 2562 lumensi
303 2503 409 2563 soricis
433 2509 529 2562 cattus
553 2501 624 2562 dum
648 2501 780 2562 membra
805 2508 945 2581 vorasset,
1019 2496 1054 2546 (a.
1068 2494 1170 2542 mli>

193 2590 312 2652 Deliciis
336 2593 427 2669 periit
451 2590 572 2651 crudior
595 2590 644 2650 ille
671 2593 742 2652 suis.

221 2751 236 2798 3
255 2744 357 2814 podii·
374 2745 424 2799 sed
443 2744 525 2797 abern
538 2745 566 2799 A
603 2746 683 2813 geret
697 2745 725 2798 A
743 2743 833 2813 gessit
850 2761 897 2814 epo
916 2744 999 2812 gerat
1013 2763 1032 2796 α
1046 2758 1114 2795 uera

148 2817 182 2873 L.
202 2816 353 2871 Muellerus
372 2818 449 2870 ceria
469 2816 615 2884 Klappius
668 2815 752 2885 4Dt]
774 2815 829 2870 Sed
847 2817 875 2869 A
930 2813 1071 2883 iposeim
1086 2813 1114 2867 A

147 2903 259 2957 possem
278 2887 409 2958 Meyerus
468 2886 661 2954 inspexitA
735 2887 834 2955 iadq3
854 2888 881 2940 A
954 2885 1114 2940 8mi1abar

148 2960 213 3015 olim
232 2960 290 3014 edel.
314 2957 439 3012 mirabor
455 2959 484 3010 A
561 2963 577 3011 9
596 2956 664 3012 Hise
682 2976 734 3031 ppr
752 2956 854 3012 eterios
873 2959 900 3011 A
979 2963 1012 3010 10
1030 2957 1114 3025 pleue

147 3030 176 3084 A
230 3035 263 3082 11
282 3046 339 3083 non
357 3030 387 3101 a]
407 3046 470 3083 eum
489 3029 518 3083 A
536 3073 543 3097 ‚
558 3044 609 3082 eeu
627 3030 769 3084 Baehrens

219 3100 287 3156 ΒΜ.
316 3100 362 3156 oui
381 3121 400 3154 α
444 3099 607 3154 lasoibienti
625 3100 759 3154 menetris
778 3103 805 3154 A
831 3099 970 3154 menelrix
988 3101 1115 3170 uulpurr's

147 3174 238 3239 formo
265 3175 311 3241 (ef.
340 3173 451 3228 Nouius
475 3190 505 3241 p.
525 3173 602 3241 432);
631 3174 665 3240 ef.
699 3173 857 3239 Woelffliui
884 3172 996 3227 Archiv.
1017 3176 1046 3239 3,
1062 3174 1114 3223 539

148 3243 230 3298 uellit
249 3247 333 3315 uulpo
369 3242 509 3312 mingenii
527 3242 557 3296 in
576 3243 671 3297 eodioe
691 3244 727 3310 A,
745 3260 814 3298 oorr.
834 3261 852 3296 u
908 3248 922 3295 1
942 3242 1068 3311 Diogene
1086 3240 1114 3294 A

149 3316 238 3369 denari
251 3315 280 3368 A
321 3313 458 3382 ifrangit
473 3316 492 3369 r'.
503 3332 524 3369 e.
535 3316 626 3369 euellit
671 3313 827 3369 tuilosorn
842 3315 870 3369 A
897 3312 1009 3367 fortiter
1023 3312 1114 3381 Klop-

144 3389 212 3456 pius
267 3391 282 3439 5
302 3386 378 3454 quod
398 3402 482 3454 saepe
496 3384 611 3439 uocauit
628 3387 665 3454 A,
682 3402 751 3440 eorr.
767 3385 921 3440 Muellerus
976 3390 991 3437 6
1010 3382 1115 3437 misera

147 3458 185 3582 ἕ,
204 3474 273 3582 ehorr.
293 3476 311 3511 u
348 3456 417 3511 artis
437 3474 506 3527 opus
520 3459 548 3511 A
568 3456 724 3511 archisofus
741 3458 915 3513 Froeleuerus
951 3454 1026 3510 inter
1044 3471 1114 3524 opus

177 3546 208 3584 ue
228 3546 289 3583 reus

220 3599 288 3655 375.
308 3600 389 3668 gallo
409 3602 436 3653 A
474 3598 599 3669 aplesoia
617 3600 644 3654 A
681 3599 856 3670 oeoupuitA
893 3600 1025 3669 igetius
1043 3599 1072 3653 A
