2646 3920
207 221 246 276 lv
592 222 798 280 PRAEFATIO

206 388 263 449 alia
287 406 406 468 quoque
430 385 569 449 licentius
592 393 804 472 instituerunt,
836 409 905 451 cum
929 400 959 450 et
981 390 1080 451 lontes
1104 410 1176 453 suos

207 479 271 538 lere
295 495 442 556 nusquam
465 477 634 541 indicarent
662 489 692 541 et
714 489 871 559 poetarum
894 481 1014 540 nomina
1038 483 1176 541 carmini-

208 567 265 627 bus
289 561 486 639 ἀδεσπότοις
509 568 650 629 audacter
670 569 855 649 adponerent
878 577 908 628 et
930 568 1022 629 multa
1041 568 1078 629 ab
1101 572 1176 631 anti-

208 657 321 734 quitate
354 655 447 716 aliena
477 674 634 737 perperam
663 659 876 737 admiscerent,
909 675 998 735 saepe
1026 660 1116 719 etiam
1144 662 1176 719 in

207 744 307 805 verbis
339 754 508 822 poematum
542 765 558 806 a
591 747 725 808 lontibus
757 749 821 807 suis
854 747 944 806 tacite
977 746 1175 808 discederent.

207 832 292 904 Quod
321 851 357 893 eo
381 836 474 912 magis
497 835 657 897 dolendum
682 846 742 918 est,
770 838 839 915 quia
863 853 968 895 eorum
992 839 1043 914 qui
1067 837 1175 897 deinde

207 922 407 1000 anthologiam
431 923 590 984 ediderunt
609 917 751 1007 (Petrum
770 927 982 986 Bormonoum
1001 926 1176 987 Secundum

207 1012 285 1091 dico,
309 1014 394 1071 cuius
419 1030 495 1089 opus
514 1012 727 1073 Amstelodami
746 1033 771 1074 a.
792 1010 879 1076 1759
899 1022 929 1073 et
951 1012 1035 1076 1773
1058 1014 1176 1076 dnobus

206 1099 407 1161 voluminibus
427 1100 547 1178 prodiit,
567 1111 596 1162 et
612 1102 779 1163 Henrr'cum
798 1104 958 1180 Meyerum
981 1103 1176 1166 lbriceosem

207 1192 259 1268 qui
289 1188 405 1268 Lipsiae
433 1207 457 1248 a.
483 1186 569 1252 1835
605 1189 722 1251 duobus
752 1194 842 1251 tomis
870 1186 978 1273 edidit)
1013 1202 1121 1254 neuter
1149 1195 1176 1254 is

207 1285 285 1357 erat,
313 1279 366 1356 qni
393 1296 530 1339 errorum
558 1279 750 1339 fundamenta
775 1289 805 1340 et
828 1287 951 1339 strenue
976 1288 1005 1339 et
1029 1284 1176 1358 sagaciter

207 1367 370 1448 detegeret,
395 1366 446 1427 sed
471 1367 577 1447 opibus
601 1370 713 1447 paratis
732 1386 838 1447 parum
859 1376 979 1428 utentes
998 1370 1175 1448 prioresque

208 1456 355 1516 editiones
387 1458 480 1535 magis
514 1475 603 1535 quam
635 1476 689 1536 par
722 1464 786 1517 erat
812 1464 985 1535 repetentes
1014 1451 1175 1535 ‘augendi'

208 1547 368 1624 praecipue
402 1546 501 1606 studio
531 1564 586 1625 per
614 1564 646 1606 se
673 1545 814 1606 laudabili
841 1543 1044 1605 evehebantur
1071 1549 1101 1605 in
1130 1549 1175 1606 eis

210 1651 329 1713 quoque
353 1634 498 1713 partibuS,
522 1652 598 1714 quae
622 1637 723 1714 potius
748 1645 781 1696 ut
803 1637 1013 1695 minuerentur
1032 1633 1173 1715 elllagita·

208 1721 289 1783 bant.
335 1723 459 1783 Accedit
482 1723 561 1801 quod
585 1727 616 1783 in
640 1723 740 1784 verbis
763 1722 982 1784 constituendis
1004 1722 1093 1783 modo
1116 1732 1176 1784 tra·

209 1811 288 1872 ditae
320 1813 352 1871 in
384 1810 567 1872 editionibus
599 1812 737 1873 lectionis
769 1815 849 1873 iusto
882 1812 1049 1871 tenaciores
1082 1822 1175 1894 erant,

208 1901 296 1961 modo
307 1919 378 1960 vero
393 1933 429 1943 -—
440 1903 602 1980 praecipue
612 1900 811 1982 Burmannus,
824 1899 860 1962 N.
868 1899 985 1960 Heinsii
998 1899 1068 1960 ielis
1083 1904 1174 1962 inter-

208 1990 279 2050 dum
316 1991 449 2050 imitator
482 2023 523 2032 -
559 1990 711 2050 liberrime
745 1997 895 2050 mutantes
932 1989 968 2049 ad
1004 1990 1174 2068 Augusteae

208 2080 312 2139 aetatis
332 2077 624 2157 elegantiam‘omnia
644 2096 784 2138 revocare
804 2075 998 2157 temptabant.
1031 2077 1175 2141 Ordinem

207 2166 263 2227 hae
287 2167 435 2228 editiones
458 2166 599 2228 adhibent
624 2167 760 2247 eundem,
785 2185 874 2246 quem
892 2169 924 2226 in
943 2168 1174 2246 inscriptionum

208 2255 328 2336 syllogis
359 2274 454 2335 nuper
482 2256 603 2316 demum
630 2255 770 2316 relictum
797 2256 947 2337 videmus,
979 2274 996 2316 a
1023 2259 1116 2319 rebor
1144 2262 1174 2318 in

208 2345 391 2406 carminibus
419 2348 554 2405 tractatis
582 2345 787 2425 desumptum,
815 2364 841 2406 e.
864 2364 890 2406 c.
913 2343 1076 2406 Burmanni
1098 2345 1175 2407 liber

209 2436 324 2513 primus
352 2433 436 2494 hisce
460 2434 597 2513 partibus
620 2430 674 2493 ‘Ile
699 2433 769 2514 diis,
797 2434 833 2495 de
858 2433 985 2515 deabus3
1012 2434 1120 2494 heroes
1144 2443 1174 2495 et

208 2519 360 2584 heroides’
380 2532 505 2604 constat,
529 2522 681 2585 secundus
703 2517 779 2583 ‘Viri
797 2522 930 2583 illustres
949 2521 995 2582 vel
1014 2519 1105 2583 docti'
1130 2525 1173 2583 in·

208 2612 361 2693 scribitur,
380 2613 488 2672 tertius
503 2615 555 2690 qui
568 2614 765 2691 inscriptione
785 2621 867 2672 caret
885 2611 922 2672 de
942 2612 1067 2690 singulis
1082 2611 1173 2673 rebus

209 2703 341 2761 carmina
365 2700 574 2780 complectitur
597 2699 795 2780 similiterque
819 2702 942 2780 quintus
962 2696 1173 2761 ‘Miscellanea’

209 2798 239 2850 et
262 2785 321 2850 ‘De
344 2785 537 2850 animalibus'
561 2792 733 2871 continens,
761 2797 864 2850 sextus
886 2789 1016 2868 denique
1039 2789 1173 2869 Priapeis

209 2888 326 2938 constat
344 2877 527 2958 Luxoriique
546 2878 736 2940 carminibus.
782 2877 844 2939 Neo
863 2877 939 2938 liber
958 2889 1092 2958 quartuS,
1114 2898 1173 2957 quo

208 2969 422 3047 inscriptiones
450 2970 592 3028 metricae
621 2967 774 3046 leguntur,
807 2969 934 3028 sontium
962 2969 1056 3046 magis
1085 2986 1173 3046 quam

208 3074 310 3116 rerum
334 3059 478 3117 rationem
502 3056 600 3117 babet.
637 3055 741 3136 Neque
761 3056 847 3117 aliter
865 3056 1003 3136 Meyerus
1022 3057 1091 3135 egit,
1114 3058 1174 3116 nisi

210 3145 289 3224 quod
327 3154 479 3206 certorum
521 3155 678 3207 auctorum
715 3147 847 3206 carmina
884 3145 988 3205 ordine
1029 3146 1174 3223 temporis

208 3232 342 3294 adhibito
379 3234 513 3295 conlecta
551 3235 675 3313 reliquis
716 3236 885 3315 praemisit,
926 3234 1000 3294 duas
1040 3235 1173 3294 rationes

208 3325 347 3384 miscens.
388 3322 461 3384 llibi
484 3343 555 3384 vero
574 3342 671 3403 neque
691 3342 707 3384 a
726 3325 911 3400 temporibus
929 3341 1027 3401 neque
1046 3342 1063 3382 a
1081 3325 1173 3384 rebus

209 3412 282 3472 ordo
310 3413 513 3473 instituendus
541 3413 671 3492 videtur,
699 3431 767 3474 cnm
797 3410 847 3471 ille
871 3414 902 3472 iu
925 3411 1012 3490 louge
1036 3411 1174 3491 plurimis

208 3504 330 3562 omnino
358 3520 418 3562 non
447 3503 543 3581 possit
565 3501 714 3580 adbiberi,
741 3500 790 3561 hic
820 3510 850 3561 et
878 3499 989 3561 nullius
1013 3501 1075 3561 lere
1100 3519 1173 3562 usus

208 3593 256 3674 sit,
286 3593 465 3671 praesertim
488 3610 556 3653 cum
579 3591 669 3652 index
692 3609 795 3652 rerum
817 3592 849 3651 in
872 3590 932 3651 line
956 3592 1056 3671 operis
1079 3593 1173 3653 totius
