<?xml version="1.0" encoding="UTF-8"?>
<!DOCTYPE html PUBLIC "-//W3C//DTD XHTML 1.0 Transitional//EN"
    "http://www.w3.org/TR/xhtml1/DTD/xhtml1-transitional.dtd">
<html xmlns="http://www.w3.org/1999/xhtml" xml:lang="en" lang="en">
 <head>
  <title>
</title>
<meta http-equiv="Content-Type" content="text/html;charset=utf-8" />
  <meta name='ocr-system' content='tesseract 3.04.00' />
  <meta name='ocr-capabilities' content='ocr_page ocr_carea ocr_par ocr_line ocrx_word'/>
</head>
<body>
  <div class='ocr_page' id='page_1' title='image "./anthologialatin02lommgoog_0048.png"; bbox 0 0 2646 3920; ppageno 0'>
   <div class='ocr_carea' id='block_1_1' title="bbox 541 192 1131 282">
    <p class='ocr_par' dir='ltr' id='par_1_1' title="bbox 541 192 1131 282">
     <span class='ocr_line' id='line_1_1' title="bbox 541 192 1131 282; baseline 0.002 -35"><span class='ocrx_word' id='word_1_1' title='bbox 541 192 745 282; x_wconf 80' lang='lat' dir='ltr'><strong>PRAEFATIO</strong></span> <span class='ocrx_word' id='word_1_2' title='bbox 1042 192 1131 248; x_wconf 86' lang='lat' dir='ltr'><strong>XLIII</strong></span> 
     </span>
    </p>
   </div>
   <div class='ocr_carea' id='block_1_2' title="bbox 156 352 1129 3285">
    <p class='ocr_par' dir='ltr' id='par_1_2' title="bbox 156 352 1129 1866">
     <span class='ocr_line' id='line_1_2' title="bbox 164 352 1127 444; baseline -0.002 -22"><span class='ocrx_word' id='word_1_3' title='bbox 164 355 301 441; x_wconf 79' lang='lat' dir='ltr'>(pedere,</span> <span class='ocrx_word' id='word_1_4' title='bbox 325 352 492 443; x_wconf 83' lang='lat' dir='ltr'>scrudata),</span> <span class='ocrx_word' id='word_1_5' title='bbox 516 363 534 421; x_wconf 85' lang='lat' dir='ltr'>d</span> <span class='ocrx_word' id='word_1_6' title='bbox 558 379 655 440; x_wconf 81' lang='lat' dir='ltr'>prop</span> <span class='ocrx_word' id='word_1_7' title='bbox 679 352 866 444; x_wconf 84' lang='lat' dir='ltr'>(probrius),</span> <span class='ocrx_word' id='word_1_8' title='bbox 888 380 910 437; x_wconf 76' lang='lat' dir='ltr'>q</span> <span class='ocrx_word' id='word_1_9' title='bbox 934 379 987 440; x_wconf 89' lang='lat' dir='ltr'>pro</span> <span class='ocrx_word' id='word_1_10' title='bbox 1006 379 1025 422; x_wconf 91' lang='lat' dir='ltr'>c</span> <span class='ocrx_word' id='word_1_11' title='bbox 1044 355 1127 442; x_wconf 93' lang='lat' dir='ltr'>(Vul-</span> 
     </span>
     <span class='ocr_line' id='line_1_3' title="bbox 162 444 1127 536; baseline -0.001 -24"><span class='ocrx_word' id='word_1_12' title='bbox 162 444 286 534; x_wconf 81' lang='lat' dir='ltr'>ganus),</span> <span class='ocrx_word' id='word_1_13' title='bbox 305 449 381 512; x_wconf 86' lang='lat' dir='ltr'>evel</span> <span class='ocrx_word' id='word_1_14' title='bbox 403 472 412 536; x_wconf 62' lang='grc' dir='ltr'><strong><em>ς</em></strong></span> <span class='ocrx_word' id='word_1_15' title='bbox 435 468 490 529; x_wconf 88' lang='lat' dir='ltr'>pro</span> <span class='ocrx_word' id='word_1_16' title='bbox 510 468 555 526; x_wconf 86' lang='lat' dir='ltr'>oe,</span> <span class='ocrx_word' id='word_1_17' title='bbox 580 449 658 529; x_wconf 93' lang='lat' dir='ltr'>quod</span> <span class='ocrx_word' id='word_1_18' title='bbox 682 469 776 511; x_wconf 91' lang='lat' dir='ltr'>unum</span> <span class='ocrx_word' id='word_1_19' title='bbox 795 452 826 511; x_wconf 91' lang='lat' dir='ltr'>iu</span> <span class='ocrx_word' id='word_1_20' title='bbox 849 459 992 530; x_wconf 90' lang='lat' dir='ltr'>apparatu</span> <span class='ocrx_word' id='word_1_21' title='bbox 1007 457 1127 511; x_wconf 83' lang='lat' dir='ltr'>enotare</span> 
     </span>
     <span class='ocr_line' id='line_1_4' title="bbox 164 532 1128 622; baseline -0.002 -22"><span class='ocrx_word' id='word_1_22' title='bbox 164 557 415 619; x_wconf 86' lang='lat' dir='ltr'>supervacaneum</span> <span class='ocrx_word' id='word_1_23' title='bbox 435 541 546 619; x_wconf 91' lang='lat' dir='ltr'>putavi,</span> <span class='ocrx_word' id='word_1_24' title='bbox 565 542 578 599; x_wconf 83' lang='lat' dir='ltr'>t&#39;</span> <span class='ocrx_word' id='word_1_25' title='bbox 594 558 648 619; x_wconf 84' lang='lat' dir='ltr'>pro</span> <span class='ocrx_word' id='word_1_26' title='bbox 668 558 689 616; x_wconf 77' lang='lat' dir='ltr'><em>y</em></span> <span class='ocrx_word' id='word_1_27' title='bbox 707 532 846 622; x_wconf 78' lang='lat' dir='ltr'>(limpha,</span> <span class='ocrx_word' id='word_1_28' title='bbox 865 538 917 599; x_wconf 92' lang='lat' dir='ltr'>sed</span> <span class='ocrx_word' id='word_1_29' title='bbox 931 549 963 601; x_wconf 90' lang='lat' dir='ltr'>et</span> <span class='ocrx_word' id='word_1_30' title='bbox 976 532 1128 621; x_wconf 81' lang='lat' dir='ltr'>Cyterea),</span> 
     </span>
     <span class='ocr_line' id='line_1_5' title="bbox 161 620 1129 712; baseline -0.003 -22"><span class='ocrx_word' id='word_1_31' title='bbox 161 648 180 690; x_wconf 88' lang='lat' dir='ltr'>c</span> <span class='ocrx_word' id='word_1_32' title='bbox 208 647 263 708; x_wconf 89' lang='lat' dir='ltr'>pro</span> <span class='ocrx_word' id='word_1_33' title='bbox 287 630 326 689; x_wconf 77' lang='lat' dir='ltr'>clo</span> <span class='ocrx_word' id='word_1_34' title='bbox 353 620 467 712; x_wconf 81' lang='lat' dir='ltr'>(ceos),</span> <span class='ocrx_word' id='word_1_35' title='bbox 495 635 509 688; x_wconf 89' lang='lat' dir='ltr'>t</span> <span class='ocrx_word' id='word_1_36' title='bbox 534 646 589 706; x_wconf 88' lang='lat' dir='ltr'>pro</span> <span class='ocrx_word' id='word_1_37' title='bbox 613 630 645 689; x_wconf 81' lang='lat' dir='ltr'>tlt</span> <span class='ocrx_word' id='word_1_38' title='bbox 673 623 819 710; x_wconf 77' lang='lat' dir='ltr'>(termae,</span> <span class='ocrx_word' id='word_1_39' title='bbox 852 622 970 711; x_wconf 75' lang='lat' dir='ltr'>Telis),</span> <span class='ocrx_word' id='word_1_40' title='bbox 1002 634 1129 706; x_wconf 77' lang='lat' dir='ltr'>porros</span> 
     </span>
     <span class='ocr_line' id='line_1_6' title="bbox 161 710 1129 801; baseline -0.001 -24"><span class='ocrx_word' id='word_1_41' title='bbox 161 736 216 796; x_wconf 87' lang='lat' dir='ltr'>pro</span> <span class='ocrx_word' id='word_1_42' title='bbox 232 719 276 795; x_wconf 77' lang='lat' dir='ltr'>ple</span> <span class='ocrx_word' id='word_1_43' title='bbox 295 711 441 801; x_wconf 69' lang='lat' dir='ltr'>(Foebus,</span> <span class='ocrx_word' id='word_1_44' title='bbox 461 710 587 797; x_wconf 84' lang='lat' dir='ltr'><strong>elefans,</strong></span> <span class='ocrx_word' id='word_1_45' title='bbox 610 710 707 795; x_wconf 83' lang='lat' dir='ltr'><strong>limfa,</strong></span> <span class='ocrx_word' id='word_1_46' title='bbox 730 716 782 777; x_wconf 92' lang='lat' dir='ltr'>sed</span> <span class='ocrx_word' id='word_1_47' title='bbox 803 726 833 777; x_wconf 90' lang='lat' dir='ltr'>et</span> <span class='ocrx_word' id='word_1_48' title='bbox 851 711 984 797; x_wconf 84' lang='lat' dir='ltr'>limpha)</span> <span class='ocrx_word' id='word_1_49' title='bbox 1003 725 1034 777; x_wconf 96' lang='lat' dir='ltr'>et</span> <span class='ocrx_word' id='word_1_50' title='bbox 1052 718 1129 794; x_wconf 89' lang='lat' dir='ltr'>aspi·</span> 
     </span>
     <span class='ocr_line' id='line_1_7' title="bbox 161 797 1128 889; baseline -0.001 -22"><span class='ocrx_word' id='word_1_51' title='bbox 161 808 238 867; x_wconf 91' lang='lat' dir='ltr'>ratio</span> <span class='ocrx_word' id='word_1_52' title='bbox 257 806 345 866; x_wconf 92' lang='lat' dir='ltr'>modo</span> <span class='ocrx_word' id='word_1_53' title='bbox 364 806 437 866; x_wconf 84' lang='lat' dir='ltr'>falso</span> <span class='ocrx_word' id='word_1_54' title='bbox 456 805 576 884; x_wconf 88' lang='lat' dir='ltr'>dempta</span> <span class='ocrx_word' id='word_1_55' title='bbox 594 814 641 866; x_wconf 90' lang='lat' dir='ltr'>est</span> <span class='ocrx_word' id='word_1_56' title='bbox 659 804 797 883; x_wconf 82' lang='lat' dir='ltr'>(orrida,</span> <span class='ocrx_word' id='word_1_57' title='bbox 817 806 998 882; x_wconf 79' lang='lat' dir='ltr'><strong><em>proibetur,</em></strong></span> <span class='ocrx_word' id='word_1_58' title='bbox 1022 797 1128 889; x_wconf 82' lang='lat' dir='ltr'>ospes)</span> 
     </span>
     <span class='ocr_line' id='line_1_8' title="bbox 162 890 1128 975; baseline -0.001 -20"><span class='ocrx_word' id='word_1_59' title='bbox 162 895 250 956; x_wconf 91' lang='lat' dir='ltr'>modo</span> <span class='ocrx_word' id='word_1_60' title='bbox 274 895 346 955; x_wconf 85' lang='lat' dir='ltr'>falso</span> <span class='ocrx_word' id='word_1_61' title='bbox 370 895 468 955; x_wconf 87' lang='lat' dir='ltr'>addita</span> <span class='ocrx_word' id='word_1_62' title='bbox 492 890 586 974; x_wconf 76' lang='lat' dir='ltr'>(ude,</span> <span class='ocrx_word' id='word_1_63' title='bbox 614 895 857 956; x_wconf 81' lang='lat' dir='ltr'>cohucntentore</span> <span class='ocrx_word' id='word_1_64' title='bbox 882 890 932 972; x_wconf 88' lang='lat'>19,</span> <span class='ocrx_word' id='word_1_65' title='bbox 958 890 1014 975; x_wconf 80' lang='lat'>183</span> <span class='ocrx_word' id='word_1_66' title='bbox 1042 895 1128 971; x_wconf 76' lang='lat' dir='ltr'>Synt-</span> 
     </span>
     <span class='ocr_line' id='line_1_9' title="bbox 156 976 1128 1067; baseline -0.003 -21"><span class='ocrx_word' id='word_1_67' title='bbox 156 983 313 1061; x_wconf 65' lang='grc' dir='ltr'><strong>010001οκ</strong></span> <span class='ocrx_word' id='word_1_68' title='bbox 344 984 446 1046; x_wconf 82' lang='lat' dir='ltr'>herus</span> <span class='ocrx_word' id='word_1_69' title='bbox 471 979 548 1063; x_wconf 81' lang='grc'><strong>117,</strong></span> <span class='ocrx_word' id='word_1_70' title='bbox 570 976 643 1066; x_wconf 82' lang='grc'><strong>24),</strong></span> <span class='ocrx_word' id='word_1_71' title='bbox 671 992 702 1044; x_wconf 91' lang='lat' dir='ltr'>et</span> <span class='ocrx_word' id='word_1_72' title='bbox 725 1001 766 1044; x_wconf 86' lang='lat' dir='ltr'>uu</span> <span class='ocrx_word' id='word_1_73' title='bbox 791 977 900 1067; x_wconf 87' lang='lat' dir='ltr'>(paene</span> <span class='ocrx_word' id='word_1_74' title='bbox 924 983 985 1043; x_wconf 83' lang='lat' dir='ltr'>dixi</span> <span class='ocrx_word' id='word_1_75' title='bbox 1008 977 1128 1066; x_wconf 80' lang='lat' dir='ltr'>gallice)</span> 
     </span>
     <span class='ocr_line' id='line_1_10' title="bbox 162 1065 1128 1155; baseline -0.001 -22"><span class='ocrx_word' id='word_1_76' title='bbox 162 1092 218 1152; x_wconf 88' lang='lat' dir='ltr'>pro</span> <span class='ocrx_word' id='word_1_77' title='bbox 240 1078 272 1134; x_wconf 87' lang='lat' dir='ltr'>ul</span> <span class='ocrx_word' id='word_1_78' title='bbox 293 1075 416 1152; x_wconf 89' lang='lat' dir='ltr'>ponitur</span> <span class='ocrx_word' id='word_1_79' title='bbox 435 1067 607 1155; x_wconf 76' lang='lat' dir='ltr'>(cottonius</span> <span class='ocrx_word' id='word_1_80' title='bbox 628 1068 701 1152; x_wconf 80' lang='lat'><strong>192,</strong></span> <span class='ocrx_word' id='word_1_81' title='bbox 722 1065 766 1154; x_wconf 91' lang='lat'>1),</span> <span class='ocrx_word' id='word_1_82' title='bbox 790 1072 905 1151; x_wconf 91' lang='lat' dir='ltr'>aliaque</span> <span class='ocrx_word' id='word_1_83' title='bbox 924 1074 990 1132; x_wconf 91' lang='lat' dir='ltr'>eius</span> <span class='ocrx_word' id='word_1_84' title='bbox 1008 1074 1128 1151; x_wconf 88' lang='lat' dir='ltr'>generis</span> 
     </span>
     <span class='ocr_line' id='line_1_11' title="bbox 161 1156 1128 1240; baseline 0 -19"><span class='ocrx_word' id='word_1_85' title='bbox 161 1161 254 1222; x_wconf 89' lang='lat' dir='ltr'>multa</span> <span class='ocrx_word' id='word_1_86' title='bbox 286 1170 366 1222; x_wconf 86' lang='lat' dir='ltr'>sunt.</span> <span class='ocrx_word' id='word_1_87' title='bbox 412 1161 487 1231; x_wconf 83' lang='lat' dir='ltr'>Quid</span> <span class='ocrx_word' id='word_1_88' title='bbox 522 1160 602 1240; x_wconf 89' lang='lat' dir='ltr'>quod</span> <span class='ocrx_word' id='word_1_89' title='bbox 630 1169 660 1221; x_wconf 90' lang='lat' dir='ltr'>et</span> <span class='ocrx_word' id='word_1_90' title='bbox 693 1161 872 1240; x_wconf 77' lang='lat' dir='ltr'>archetypus</span> <span class='ocrx_word' id='word_1_91' title='bbox 906 1179 995 1240; x_wconf 92' lang='lat' dir='ltr'>quem</span> <span class='ocrx_word' id='word_1_92' title='bbox 1022 1179 1058 1222; x_wconf 87' lang='lat' dir='ltr'>ex</span> <span class='ocrx_word' id='word_1_93' title='bbox 1087 1156 1128 1221; x_wconf 79' lang='grc' dir='ltr'>Α1</span> 
     </span>
     <span class='ocr_line' id='line_1_12' title="bbox 161 1245 1127 1331; baseline 0 -21"><span class='ocrx_word' id='word_1_94' title='bbox 161 1253 298 1311; x_wconf 89' lang='lat' dir='ltr'>novimus</span> <span class='ocrx_word' id='word_1_95' title='bbox 321 1253 379 1310; x_wconf 90' lang='lat' dir='ltr'>iam</span> <span class='ocrx_word' id='word_1_96' title='bbox 403 1250 493 1310; x_wconf 90' lang='lat' dir='ltr'>habet</span> <span class='ocrx_word' id='word_1_97' title='bbox 516 1252 686 1312; x_wconf 82' lang='lat' dir='ltr'>incubuere</span> <span class='ocrx_word' id='word_1_98' title='bbox 705 1245 751 1329; x_wconf 87' lang='lat'>(8,</span> <span class='ocrx_word' id='word_1_99' title='bbox 770 1248 837 1331; x_wconf 82' lang='lat'><strong>36),</strong></span> <span class='ocrx_word' id='word_1_100' title='bbox 861 1258 891 1311; x_wconf 87' lang='lat' dir='ltr'>et</span> <span class='ocrx_word' id='word_1_101' title='bbox 914 1251 979 1310; x_wconf 90' lang='lat' dir='ltr'>BV</span> <span class='ocrx_word' id='word_1_102' title='bbox 999 1267 1127 1328; x_wconf 91' lang='lat' dir='ltr'>quorum</span> 
     </span>
     <span class='ocr_line' id='line_1_13' title="bbox 162 1334 1127 1420; baseline -0.002 -20"><span class='ocrx_word' id='word_1_103' title='bbox 162 1341 311 1418; x_wconf 88' lang='lat' dir='ltr'>scriptura</span> <span class='ocrx_word' id='word_1_104' title='bbox 330 1338 514 1418; x_wconf 87' lang='lat' dir='ltr'>Carolingica</span> <span class='ocrx_word' id='word_1_105' title='bbox 534 1348 628 1399; x_wconf 87' lang='lat' dir='ltr'>aetate</span> <span class='ocrx_word' id='word_1_106' title='bbox 648 1339 803 1399; x_wconf 90' lang='lat' dir='ltr'>emendata</span> <span class='ocrx_word' id='word_1_107' title='bbox 822 1334 910 1420; x_wconf 67' lang='lat' dir='ltr'>esd),</span> <span class='ocrx_word' id='word_1_108' title='bbox 933 1338 1042 1399; x_wconf 90' lang='lat' dir='ltr'>talibus</span> <span class='ocrx_word' id='word_1_109' title='bbox 1061 1357 1127 1399; x_wconf 90' lang='lat' dir='ltr'>cor·</span> 
     </span>
     <span class='ocr_line' id='line_1_14' title="bbox 163 1424 1128 1516; baseline 0 -28"><span class='ocrx_word' id='word_1_110' title='bbox 163 1427 292 1508; x_wconf 89' lang='lat' dir='ltr'>ruptelis</span> <span class='ocrx_word' id='word_1_111' title='bbox 331 1437 364 1489; x_wconf 89' lang='lat' dir='ltr'>ut</span> <span class='ocrx_word' id='word_1_112' title='bbox 392 1427 508 1516; x_wconf 67' lang='lat' dir='ltr'>scoriae</span> <span class='ocrx_word' id='word_1_113' title='bbox 539 1429 569 1486; x_wconf 90' lang='lat' dir='ltr'><em>B</em></span> <span class='ocrx_word' id='word_1_114' title='bbox 598 1424 687 1508; x_wconf 85' lang='lat'><strong>(134,</strong></span> <span class='ocrx_word' id='word_1_115' title='bbox 713 1425 746 1508; x_wconf 94' lang='lat'>1,</span> <span class='ocrx_word' id='word_1_116' title='bbox 778 1427 831 1488; x_wconf 89' lang='lat' dir='ltr'>ubi</span> <span class='ocrx_word' id='word_1_117' title='bbox 862 1430 889 1487; x_wconf 87' lang='grc' dir='ltr'><em>Α</em></span> <span class='ocrx_word' id='word_1_118' title='bbox 922 1435 1004 1489; x_wconf 90' lang='lat' dir='ltr'>recte</span> <span class='ocrx_word' id='word_1_119' title='bbox 1037 1426 1128 1488; x_wconf 87' lang='lat' dir='ltr'>habet</span> 
     </span>
     <span class='ocr_line' id='line_1_15' title="bbox 157 1508 1127 1599; baseline -0.003 -21"><span class='ocrx_word' id='word_1_120' title='bbox 157 1508 297 1599; x_wconf 81' lang='lat' dir='ltr'>formae)</span> <span class='ocrx_word' id='word_1_121' title='bbox 320 1517 491 1597; x_wconf 90' lang='lat' dir='ltr'>ostendunt,</span> <span class='ocrx_word' id='word_1_122' title='bbox 515 1516 709 1595; x_wconf 76' lang='lat' dir='ltr'>archetypum</span> <span class='ocrx_word' id='word_1_123' title='bbox 733 1534 838 1576; x_wconf 93' lang='lat' dir='ltr'>eorum</span> <span class='ocrx_word' id='word_1_124' title='bbox 862 1516 965 1576; x_wconf 88' lang='lat' dir='ltr'>eadem</span> <span class='ocrx_word' id='word_1_125' title='bbox 988 1515 1045 1575; x_wconf 89' lang='lat' dir='ltr'>hac</span> <span class='ocrx_word' id='word_1_126' title='bbox 1068 1517 1127 1575; x_wconf 87' lang='lat' dir='ltr'>lor·</span> 
     </span>
     <span class='ocr_line' id='line_1_16' title="bbox 162 1601 1127 1684; baseline -0.001 -19"><span class='ocrx_word' id='word_1_127' title='bbox 162 1624 280 1667; x_wconf 89' lang='lat' dir='ltr'>marum</span> <span class='ocrx_word' id='word_1_128' title='bbox 297 1604 435 1667; x_wconf 91' lang='lat' dir='ltr'>barbarie</span> <span class='ocrx_word' id='word_1_129' title='bbox 454 1615 483 1666; x_wconf 90' lang='lat' dir='ltr'>et</span> <span class='ocrx_word' id='word_1_130' title='bbox 503 1606 696 1684; x_wconf 82' lang='lat' dir='ltr'>corruptione</span> <span class='ocrx_word' id='word_1_131' title='bbox 721 1601 835 1666; x_wconf 83' lang='lat' dir='ltr'>luisse?</span> <span class='ocrx_word' id='word_1_132' title='bbox 865 1603 947 1676; x_wconf 84' lang='lat' dir='ltr'>Quae</span> <span class='ocrx_word' id='word_1_133' title='bbox 971 1622 1052 1665; x_wconf 88' lang='lat' dir='ltr'>nunc</span> <span class='ocrx_word' id='word_1_134' title='bbox 1076 1623 1127 1683; x_wconf 91' lang='lat' dir='ltr'>op·</span> 
     </span>
     <span class='ocr_line' id='line_1_17' title="bbox 162 1688 1127 1773; baseline -0.001 -19"><span class='ocrx_word' id='word_1_135' title='bbox 162 1697 236 1755; x_wconf 90' lang='lat' dir='ltr'>time</span> <span class='ocrx_word' id='word_1_136' title='bbox 259 1693 427 1756; x_wconf 91' lang='lat' dir='ltr'>illustratur</span> <span class='ocrx_word' id='word_1_137' title='bbox 450 1696 570 1773; x_wconf 85' lang='lat' dir='ltr'>egregio</span> <span class='ocrx_word' id='word_1_138' title='bbox 596 1694 633 1754; x_wconf 87' lang='lat' dir='ltr'>M.</span> <span class='ocrx_word' id='word_1_139' title='bbox 657 1693 784 1754; x_wconf 90' lang='lat' dir='ltr'>Bonneti</span> <span class='ocrx_word' id='word_1_140' title='bbox 811 1693 888 1754; x_wconf 88' lang='lat' dir='ltr'>libro</span> <span class='ocrx_word' id='word_1_141' title='bbox 913 1688 970 1754; x_wconf 72' lang='lat' dir='ltr'>‘Le</span> <span class='ocrx_word' id='word_1_142' title='bbox 994 1693 1067 1754; x_wconf 90' lang='lat' dir='ltr'>latin</span> <span class='ocrx_word' id='word_1_143' title='bbox 1090 1693 1127 1754; x_wconf 91' lang='lat' dir='ltr'>de</span> 
     </span>
     <span class='ocr_line' id='line_1_18' title="bbox 163 1776 876 1866; baseline 0 -22"><span class='ocrx_word' id='word_1_144' title='bbox 163 1783 308 1862; x_wconf 88' lang='lat' dir='ltr'>Gregoire</span> <span class='ocrx_word' id='word_1_145' title='bbox 332 1784 369 1845; x_wconf 94' lang='lat' dir='ltr'>de</span> <span class='ocrx_word' id='word_1_146' title='bbox 393 1778 508 1844; x_wconf 84' lang='lat' dir='ltr'>Tours&#39;</span> <span class='ocrx_word' id='word_1_147' title='bbox 532 1777 669 1866; x_wconf 89' lang='lat' dir='ltr'>(Parisiis</span> <span class='ocrx_word' id='word_1_148' title='bbox 694 1776 804 1866; x_wconf 83' lang='lat'><strong>1890).</strong></span> <span class='ocrx_word' id='word_1_149' title='bbox 833 1817 876 1825; x_wconf 90' lang='lat'>—</span> 
     </span>
    </p>

    <p class='ocr_par' dir='ltr' id='par_1_3' title="bbox 158 1870 1127 3285">
     <span class='ocr_line' id='line_1_19' title="bbox 228 1870 1126 1950; baseline -0.001 -17"><span class='ocrx_word' id='word_1_150' title='bbox 228 1871 307 1934; x_wconf 91' lang='lat' dir='ltr'>Haec</span> <span class='ocrx_word' id='word_1_151' title='bbox 327 1879 426 1933; x_wconf 89' lang='lat' dir='ltr'>antem</span> <span class='ocrx_word' id='word_1_152' title='bbox 450 1872 678 1950; x_wconf 80' lang='lat' dir='ltr'>orthographiae</span> <span class='ocrx_word' id='word_1_153' title='bbox 702 1873 774 1933; x_wconf 84' lang='lat' dir='ltr'>vitia</span> <span class='ocrx_word' id='word_1_154' title='bbox 797 1881 899 1933; x_wconf 91' lang='lat' dir='ltr'>utrum</span> <span class='ocrx_word' id='word_1_155' title='bbox 923 1871 994 1932; x_wconf 91' lang='lat' dir='ltr'>solis</span> <span class='ocrx_word' id='word_1_156' title='bbox 1018 1870 1126 1932; x_wconf 91' lang='lat' dir='ltr'>scribis</span> 
     </span>
     <span class='ocr_line' id='line_1_20' title="bbox 162 1959 1125 2041; baseline -0.001 -20"><span class='ocrx_word' id='word_1_157' title='bbox 162 1981 200 2021; x_wconf 91' lang='lat' dir='ltr'>an</span> <span class='ocrx_word' id='word_1_158' title='bbox 223 1963 296 2041; x_wconf 91' lang='lat' dir='ltr'>ipsis</span> <span class='ocrx_word' id='word_1_159' title='bbox 320 1964 425 2041; x_wconf 91' lang='lat' dir='ltr'>poetis,</span> <span class='ocrx_word' id='word_1_160' title='bbox 451 1963 502 2040; x_wconf 93' lang='lat' dir='ltr'>qui</span> <span class='ocrx_word' id='word_1_161' title='bbox 526 1961 646 2040; x_wconf 93' lang='lat' dir='ltr'>quidem</span> <span class='ocrx_word' id='word_1_162' title='bbox 670 1959 772 2021; x_wconf 87' lang='lat' dir='ltr'>ultima</span> <span class='ocrx_word' id='word_1_163' title='bbox 797 1968 893 2022; x_wconf 91' lang='lat' dir='ltr'>aetate</span> <span class='ocrx_word' id='word_1_164' title='bbox 912 1961 1044 2041; x_wconf 88' lang='lat' dir='ltr'>luerunt,</span> <span class='ocrx_word' id='word_1_165' title='bbox 1068 1963 1125 2021; x_wconf 90' lang='lat' dir='ltr'>cri-</span> 
     </span>
     <span class='ocr_line' id='line_1_21' title="bbox 161 2049 1125 2130; baseline -0.002 -20"><span class='ocrx_word' id='word_1_166' title='bbox 161 2052 236 2111; x_wconf 92' lang='lat' dir='ltr'>mini</span> <span class='ocrx_word' id='word_1_167' title='bbox 259 2050 354 2111; x_wconf 86' lang='lat' dir='ltr'>danda</span> <span class='ocrx_word' id='word_1_168' title='bbox 373 2052 442 2130; x_wconf 89' lang='lat' dir='ltr'>sint,</span> <span class='ocrx_word' id='word_1_169' title='bbox 465 2049 695 2129; x_wconf 87' lang='lat' dir='ltr'>haudquaquam</span> <span class='ocrx_word' id='word_1_170' title='bbox 719 2049 857 2110; x_wconf 88' lang='lat' dir='ltr'>omnibus</span> <span class='ocrx_word' id='word_1_171' title='bbox 876 2049 949 2111; x_wconf 90' lang='lat' dir='ltr'>locis</span> <span class='ocrx_word' id='word_1_172' title='bbox 968 2068 1023 2128; x_wconf 91' lang='lat' dir='ltr'>pro</span> <span class='ocrx_word' id='word_1_173' title='bbox 1042 2058 1125 2110; x_wconf 88' lang='lat' dir='ltr'>certo</span> 
     </span>
     <span class='ocr_line' id='line_1_22' title="bbox 158 2138 1127 2200; baseline -0.001 -2"><span class='ocrx_word' id='word_1_174' title='bbox 158 2139 325 2200; x_wconf 90' lang='lat' dir='ltr'>diiudicare</span> <span class='ocrx_word' id='word_1_175' title='bbox 344 2139 422 2200; x_wconf 91' lang='lat' dir='ltr'>licet.</span> <span class='ocrx_word' id='word_1_176' title='bbox 450 2138 570 2200; x_wconf 85' lang='lat' dir='ltr'>Etenim</span> <span class='ocrx_word' id='word_1_177' title='bbox 584 2140 673 2198; x_wconf 86' lang='lat' dir='ltr'>metri</span> <span class='ocrx_word' id='word_1_178' title='bbox 691 2141 806 2199; x_wconf 90' lang='lat' dir='ltr'>ratione</span> <span class='ocrx_word' id='word_1_179' title='bbox 825 2138 925 2199; x_wconf 87' lang='lat' dir='ltr'>habita</span> <span class='ocrx_word' id='word_1_180' title='bbox 944 2138 1127 2198; x_wconf 80' lang='lat' dir='ltr'>affirmamus</span> 
     </span>
     <span class='ocr_line' id='line_1_23' title="bbox 161 2223 1125 2308; baseline -0.002 -20"><span class='ocrx_word' id='word_1_181' title='bbox 161 2232 260 2306; x_wconf 89' lang='lat' dir='ltr'>ipsum</span> <span class='ocrx_word' id='word_1_182' title='bbox 297 2227 460 2289; x_wconf 83' lang='lat' dir='ltr'>Luxorium</span> <span class='ocrx_word' id='word_1_183' title='bbox 498 2229 656 2305; x_wconf 83' lang='lat' dir='ltr'>scripsisse</span> <span class='ocrx_word' id='word_1_184' title='bbox 692 2223 852 2302; x_wconf 68' lang='lat' dir='ltr'>quissimus</span> <span class='ocrx_word' id='word_1_185' title='bbox 889 2224 1011 2306; x_wconf 82' lang='lat' dir='ltr'><strong>314,t</strong></span> <span class='ocrx_word' id='word_1_186' title='bbox 1050 2223 1125 2308; x_wconf 79' lang='lat' dir='ltr'>(non</span> 
     </span>
     <span class='ocr_line' id='line_1_24' title="bbox 158 2308 1125 2399; baseline -0.003 -22"><span class='ocrx_word' id='word_1_187' title='bbox 158 2311 371 2396; x_wconf 81' lang='lat' dir='ltr'>quaesumus),</span> <span class='ocrx_word' id='word_1_188' title='bbox 404 2326 434 2376; x_wconf 91' lang='lat' dir='ltr'>et</span> <span class='ocrx_word' id='word_1_189' title='bbox 461 2311 652 2394; x_wconf 61' lang='lat' dir='ltr'>Horpdoct‘s)</span> <span class='ocrx_word' id='word_1_190' title='bbox 685 2308 748 2399; x_wconf 86' lang='lat' dir='ltr'>(vel</span> <span class='ocrx_word' id='word_1_191' title='bbox 770 2310 877 2395; x_wconf 73' lang='lat' dir='ltr'>-iocisl</span> <span class='ocrx_word' id='word_1_192' title='bbox 902 2313 976 2396; x_wconf 81' lang='lat'><strong>333,</strong></span> <span class='ocrx_word' id='word_1_193' title='bbox 1001 2311 1020 2377; x_wconf 87' lang='grc'>8</span> <span class='ocrx_word' id='word_1_194' title='bbox 1050 2312 1125 2394; x_wconf 86' lang='grc'><strong>(000</strong></span> 
     </span>
     <span class='ocr_line' id='line_1_25' title="bbox 161 2398 1126 2487; baseline -0.002 -21"><span class='ocrx_word' id='word_1_195' title='bbox 161 2398 365 2487; x_wconf 77' lang='lat' dir='ltr'>Horpqiucis)</span> <span class='ocrx_word' id='word_1_196' title='bbox 389 2415 419 2467; x_wconf 97' lang='lat' dir='ltr'>et</span> <span class='ocrx_word' id='word_1_197' title='bbox 441 2404 531 2464; x_wconf 89' lang='lat' dir='ltr'>alium</span> <span class='ocrx_word' id='word_1_198' title='bbox 555 2412 673 2482; x_wconf 86' lang='lat' dir='ltr'>poetam</span> <span class='ocrx_word' id='word_1_199' title='bbox 692 2399 808 2480; x_wconf 61' lang='lat' dir='ltr'>diditus</span> <span class='ocrx_word' id='word_1_200' title='bbox 832 2401 907 2483; x_wconf 80' lang='lat'><strong>224,</strong></span> <span class='ocrx_word' id='word_1_201' title='bbox 926 2403 947 2463; x_wconf 85' lang='lat'>4</span> <span class='ocrx_word' id='word_1_202' title='bbox 971 2399 1045 2486; x_wconf 87' lang='lat' dir='ltr'>(non</span> <span class='ocrx_word' id='word_1_203' title='bbox 1061 2403 1126 2478; x_wconf 87' lang='lat' dir='ltr'>foe·</span> 
     </span>
     <span class='ocr_line' id='line_1_26' title="bbox 161 2492 1125 2575; baseline -0.003 -20"><span class='ocrx_word' id='word_1_204' title='bbox 161 2492 271 2575; x_wconf 75' lang='lat' dir='ltr'>ditus),</span> <span class='ocrx_word' id='word_1_205' title='bbox 300 2512 389 2573; x_wconf 89' lang='lat' dir='ltr'>porro</span> <span class='ocrx_word' id='word_1_206' title='bbox 413 2493 489 2573; x_wconf 90' lang='lat' dir='ltr'>apud</span> <span class='ocrx_word' id='word_1_207' title='bbox 514 2492 679 2553; x_wconf 82' lang='lat' dir='ltr'>Luxurium</span> <span class='ocrx_word' id='word_1_208' title='bbox 706 2511 812 2552; x_wconf 87' lang='lat' dir='ltr'>versus</span> <span class='ocrx_word' id='word_1_209' title='bbox 840 2494 1026 2552; x_wconf 89' lang='lat' dir='ltr'>recurrentis</span> <span class='ocrx_word' id='word_1_210' title='bbox 1049 2494 1125 2553; x_wconf 88' lang='lat' dir='ltr'>ratio</span> 
     </span>
     <span class='ocr_line' id='line_1_27' title="bbox 159 2575 1124 2664; baseline -0.001 -22"><span class='ocrx_word' id='word_1_211' title='bbox 159 2583 291 2662; x_wconf 85' lang='lat' dir='ltr'>postulat</span> <span class='ocrx_word' id='word_1_212' title='bbox 326 2587 408 2645; x_wconf 73' lang='lat' dir='ltr'>cedis</span> <span class='ocrx_word' id='word_1_213' title='bbox 441 2578 563 2662; x_wconf 84' lang='lat'><strong>325,3</strong></span> <span class='ocrx_word' id='word_1_214' title='bbox 597 2575 672 2657; x_wconf 86' lang='lat' dir='ltr'>(non</span> <span class='ocrx_word' id='word_1_215' title='bbox 709 2575 843 2664; x_wconf 73' lang='lat' dir='ltr'>coedis),</span> <span class='ocrx_word' id='word_1_216' title='bbox 880 2582 957 2660; x_wconf 89' lang='lat' dir='ltr'>apud</span> <span class='ocrx_word' id='word_1_217' title='bbox 995 2580 1124 2642; x_wconf 89' lang='lat' dir='ltr'>Felicem</span> 
     </span>
     <span class='ocr_line' id='line_1_28' title="bbox 161 2668 1125 2733; baseline -0.002 -1"><span class='ocrx_word' id='word_1_218' title='bbox 161 2672 325 2733; x_wconf 88' lang='lat' dir='ltr'>stichorum</span> <span class='ocrx_word' id='word_1_219' title='bbox 360 2674 434 2732; x_wconf 87' lang='lat' dir='ltr'>ratio</span> <span class='ocrx_word' id='word_1_220' title='bbox 467 2690 491 2731; x_wconf 93' lang='lat' dir='ltr'>c.</span> <span class='ocrx_word' id='word_1_221' title='bbox 515 2668 582 2732; x_wconf 83' lang='lat'>214</span> <span class='ocrx_word' id='word_1_222' title='bbox 611 2670 877 2732; x_wconf 74' lang='lat' dir='ltr'>Thrasumuudus</span> <span class='ocrx_word' id='word_1_223' title='bbox 901 2679 932 2731; x_wconf 92' lang='lat' dir='ltr'>et</span> <span class='ocrx_word' id='word_1_224' title='bbox 964 2679 1041 2732; x_wconf 84' lang='lat' dir='ltr'>ootu</span> <span class='ocrx_word' id='word_1_225' title='bbox 1074 2671 1125 2730; x_wconf 91' lang='lat' dir='ltr'>sed</span> 
     </span>
     <span class='ocr_line' id='line_1_29' title="bbox 158 2753 1123 2843; baseline -0.004 -21"><span class='ocrx_word' id='word_1_226' title='bbox 158 2766 258 2822; x_wconf 87' lang='lat' dir='ltr'>cuuto</span> <span class='ocrx_word' id='word_1_227' title='bbox 282 2756 356 2843; x_wconf 90' lang='lat' dir='ltr'>(non</span> <span class='ocrx_word' id='word_1_228' title='bbox 378 2753 506 2842; x_wconf 86' lang='lat' dir='ltr'>cuncto)</span> <span class='ocrx_word' id='word_1_229' title='bbox 527 2769 561 2820; x_wconf 91' lang='lat' dir='ltr'>nt</span> <span class='ocrx_word' id='word_1_230' title='bbox 583 2759 742 2820; x_wconf 88' lang='lat' dir='ltr'>Romanica</span> <span class='ocrx_word' id='word_1_231' title='bbox 762 2759 811 2820; x_wconf 89' lang='lat' dir='ltr'>illa</span> <span class='ocrx_word' id='word_1_232' title='bbox 831 2768 940 2836; x_wconf 82' lang='lat' dir='ltr'>punto,</span> <span class='ocrx_word' id='word_1_233' title='bbox 964 2763 1069 2836; x_wconf 84' lang='lat' dir='ltr'>poiut;</span> <span class='ocrx_word' id='word_1_234' title='bbox 1093 2768 1123 2819; x_wconf 91' lang='lat' dir='ltr'>et</span> 
     </span>
     <span class='ocr_line' id='line_1_30' title="bbox 161 2842 1124 2931; baseline -0.003 -21"><span class='ocrx_word' id='word_1_235' title='bbox 161 2857 195 2910; x_wconf 88' lang='lat' dir='ltr'>ut</span> <span class='ocrx_word' id='word_1_236' title='bbox 221 2850 341 2910; x_wconf 86' lang='lat' dir='ltr'>videtur</span> <span class='ocrx_word' id='word_1_237' title='bbox 373 2849 503 2910; x_wconf 82' lang='lat' dir='ltr'>innobet</span> <span class='ocrx_word' id='word_1_238' title='bbox 534 2842 609 2931; x_wconf 87' lang='lat' dir='ltr'>(non</span> <span class='ocrx_word' id='word_1_239' title='bbox 638 2842 790 2930; x_wconf 81' lang='lat' dir='ltr'>iuuoout),</span> <span class='ocrx_word' id='word_1_240' title='bbox 822 2849 991 2910; x_wconf 89' lang='lat' dir='ltr'>litterarum</span> <span class='ocrx_word' id='word_1_241' title='bbox 1024 2859 1124 2910; x_wconf 89' lang='lat' dir='ltr'>autem</span> 
     </span>
     <span class='ocr_line' id='line_1_31' title="bbox 161 2936 1126 3016; baseline 0.002 -18"><span class='ocrx_word' id='word_1_242' title='bbox 161 2956 306 2999; x_wconf 90' lang='lat' dir='ltr'>numerus</span> <span class='ocrx_word' id='word_1_243' title='bbox 329 2940 361 2998; x_wconf 95' lang='lat' dir='ltr'>in</span> <span class='ocrx_word' id='word_1_244' title='bbox 389 2938 493 2998; x_wconf 92' lang='lat' dir='ltr'>eodem</span> <span class='ocrx_word' id='word_1_245' title='bbox 517 2940 648 2998; x_wconf 88' lang='lat' dir='ltr'>carmine</span> <span class='ocrx_word' id='word_1_246' title='bbox 672 2947 702 2998; x_wconf 91' lang='lat' dir='ltr'>et</span> <span class='ocrx_word' id='word_1_247' title='bbox 729 2943 849 3000; x_wconf 83' lang='lat' dir='ltr'>termae</span> <span class='ocrx_word' id='word_1_248' title='bbox 875 2939 995 3016; x_wconf 73' lang='lat' dir='ltr'>niuosae</span> <span class='ocrx_word' id='word_1_249' title='bbox 1017 2936 1126 3000; x_wconf 79' lang='lat' dir='ltr'>Foede</span> 
     </span>
     <span class='ocr_line' id='line_1_32' title="bbox 160 3020 1124 3109; baseline 0.001 -22"><span class='ocrx_word' id='word_1_250' title='bbox 160 3038 192 3088; x_wconf 92' lang='lat' dir='ltr'>et</span> <span class='ocrx_word' id='word_1_251' title='bbox 215 3045 322 3087; x_wconf 91' lang='lat' dir='ltr'>rursus</span> <span class='ocrx_word' id='word_1_252' title='bbox 345 3026 473 3103; x_wconf 78' lang='lat' dir='ltr'>limpha</span> <span class='ocrx_word' id='word_1_253' title='bbox 497 3020 537 3108; x_wconf 87' lang='lat' dir='ltr'>(v.</span> <span class='ocrx_word' id='word_1_254' title='bbox 563 3020 621 3109; x_wconf 89' lang='lat'>10)</span> <span class='ocrx_word' id='word_1_255' title='bbox 645 3025 766 3104; x_wconf 86' lang='lat' dir='ltr'>flagitat.</span> <span class='ocrx_word' id='word_1_256' title='bbox 811 3026 977 3088; x_wconf 87' lang='lat' dir='ltr'>Memoratu</span> <span class='ocrx_word' id='word_1_257' title='bbox 1001 3026 1124 3105; x_wconf 88' lang='lat' dir='ltr'>dignum</span> 
     </span>
     <span class='ocr_line' id='line_1_33' title="bbox 161 3115 1126 3194; baseline -0.001 -18"><span class='ocrx_word' id='word_1_258' title='bbox 161 3123 217 3189; x_wconf 89' lang='lat' dir='ltr'>est,</span> <span class='ocrx_word' id='word_1_259' title='bbox 240 3119 270 3177; x_wconf 92' lang='lat' dir='ltr'>in</span> <span class='ocrx_word' id='word_1_260' title='bbox 293 3135 327 3176; x_wconf 91' lang='lat' dir='ltr'>eo</span> <span class='ocrx_word' id='word_1_261' title='bbox 352 3118 483 3176; x_wconf 90' lang='lat' dir='ltr'>carmine</span> <span class='ocrx_word' id='word_1_262' title='bbox 507 3115 725 3193; x_wconf 87' lang='lat' dir='ltr'>diphthongum</span> <span class='ocrx_word' id='word_1_263' title='bbox 744 3134 782 3176; x_wconf 86' lang='lat' dir='ltr'>ue</span> <span class='ocrx_word' id='word_1_264' title='bbox 804 3125 904 3176; x_wconf 88' lang='lat' dir='ltr'>tamen</span> <span class='ocrx_word' id='word_1_265' title='bbox 929 3133 1075 3194; x_wconf 89' lang='lat' dir='ltr'>nusquam</span> <span class='ocrx_word' id='word_1_266' title='bbox 1094 3117 1126 3175; x_wconf 90' lang='lat' dir='ltr'>in</span> 
     </span>
     <span class='ocr_line' id='line_1_34' title="bbox 160 3200 1126 3285; baseline -0.003 -19"><span class='ocrx_word' id='word_1_267' title='bbox 160 3224 179 3266; x_wconf 88' lang='lat' dir='ltr'>e</span> <span class='ocrx_word' id='word_1_268' title='bbox 202 3203 370 3266; x_wconf 80' lang='lat' dir='ltr'>transiisse!</span> <span class='ocrx_word' id='word_1_269' title='bbox 410 3203 443 3264; x_wconf 91' lang='lat' dir='ltr'>ln</span> <span class='ocrx_word' id='word_1_270' title='bbox 467 3203 524 3263; x_wconf 87' lang='lat' dir='ltr'>alio</span> <span class='ocrx_word' id='word_1_271' title='bbox 548 3214 647 3264; x_wconf 91' lang='lat' dir='ltr'>autem</span> <span class='ocrx_word' id='word_1_272' title='bbox 680 3204 847 3265; x_wconf 89' lang='lat' dir='ltr'>acrosticho</span> <span class='ocrx_word' id='word_1_273' title='bbox 871 3200 910 3284; x_wconf 85' lang='lat' dir='ltr'>(c.</span> <span class='ocrx_word' id='word_1_274' title='bbox 936 3200 1015 3285; x_wconf 79' lang='grc'><strong>120)</strong></span> <span class='ocrx_word' id='word_1_275' title='bbox 1044 3210 1126 3264; x_wconf 90' lang='lat' dir='ltr'>certa</span> 
     </span>
    </p>
   </div>
   <div class='ocr_carea' id='block_1_3' title="bbox 161 3354 1126 3496">
    <p class='ocr_par' dir='ltr' id='par_1_4' title="bbox 161 3354 1126 3496">
     <span class='ocr_line' id='line_1_35' title="bbox 252 3354 1126 3428; baseline -0.002 -17"><span class='ocrx_word' id='word_1_276' title='bbox 252 3359 279 3425; x_wconf 86' lang='lat'>1)</span> <span class='ocrx_word' id='word_1_277' title='bbox 298 3356 332 3413; x_wconf 87' lang='lat' dir='ltr'>cl.</span> <span class='ocrx_word' id='word_1_278' title='bbox 351 3359 511 3428; x_wconf 76' lang='lat' dir='ltr'>spirituque.</span> <span class='ocrx_word' id='word_1_279' title='bbox 532 3360 583 3410; x_wconf 89' lang='lat'>180</span> <span class='ocrx_word' id='word_1_280' title='bbox 602 3356 639 3424; x_wconf 93' lang='lat' dir='ltr'>B,</span> <span class='ocrx_word' id='word_1_281' title='bbox 666 3357 756 3426; x_wconf 74' lang='lat' dir='ltr'>alioqu</span> <span class='ocrx_word' id='word_1_282' title='bbox 774 3356 809 3410; x_wconf 88' lang='lat' dir='ltr'>A.</span> <span class='ocrx_word' id='word_1_283' title='bbox 836 3387 868 3396; x_wconf 88' lang='lat'><em>-</em></span> <span class='ocrx_word' id='word_1_284' title='bbox 893 3356 938 3409; x_wconf 81' lang='lat' dir='ltr'>Ita</span> <span class='ocrx_word' id='word_1_285' title='bbox 955 3354 986 3408; x_wconf 91' lang='lat' dir='ltr'>in</span> <span class='ocrx_word' id='word_1_286' title='bbox 1004 3354 1126 3424; x_wconf 86' lang='lat' dir='ltr'>primam</span> 
     </span>
     <span class='ocr_line' id='line_1_36' title="bbox 161 3427 1125 3496; baseline -0.002 -14"><span class='ocrx_word' id='word_1_287' title='bbox 161 3428 381 3483; x_wconf 79' lang='lat' dir='ltr'>declinationem</span> <span class='ocrx_word' id='word_1_288' title='bbox 409 3427 563 3482; x_wconf 69' lang='lat' dir='ltr'>deflectunt</span> <span class='ocrx_word' id='word_1_289' title='bbox 587 3427 778 3494; x_wconf 70' lang='lat' dir='ltr'>poleticum,</span> <span class='ocrx_word' id='word_1_290' title='bbox 798 3432 840 3494; x_wconf 77' lang='lat'>25,</span> <span class='ocrx_word' id='word_1_291' title='bbox 869 3427 1125 3496; x_wconf 75' lang='lat' dir='ltr'>Bruetda135,e‚</span> 
     </span>
    </p>
   </div>
   <div class='ocr_carea' id='block_1_4' title="bbox 159 3498 1125 3627">
    <p class='ocr_par' dir='ltr' id='par_1_5' title="bbox 159 3498 1125 3627">
     <span class='ocr_line' id='line_1_37' title="bbox 159 3498 1125 3624; baseline -0.001 -70"><span class='ocrx_word' id='word_1_292' title='bbox 159 3499 306 3624; x_wconf 68' lang='lat' dir='ltr'>tilulqdouo</span> <span class='ocrx_word' id='word_1_293' title='bbox 333 3504 400 3568; x_wconf 88' lang='grc'><strong>199,</strong></span> <span class='ocrx_word' id='word_1_294' title='bbox 420 3502 470 3567; x_wconf 77' lang='grc'><strong>33,</strong></span> <span class='ocrx_word' id='word_1_295' title='bbox 498 3499 706 3554; x_wconf 81' lang='lat' dir='ltr'>Lacedaemona</span> <span class='ocrx_word' id='word_1_296' title='bbox 733 3503 799 3566; x_wconf 80' lang='lat'><strong>351,</strong></span> <span class='ocrx_word' id='word_1_297' title='bbox 824 3503 853 3565; x_wconf 85' lang='lat'>3,</span> <span class='ocrx_word' id='word_1_298' title='bbox 886 3498 982 3553; x_wconf 82' lang='lat' dir='ltr'>Laida</span> <span class='ocrx_word' id='word_1_299' title='bbox 1006 3505 1071 3569; x_wconf 81' lang='lat'><strong>374,</strong></span> <span class='ocrx_word' id='word_1_300' title='bbox 1097 3504 1125 3567; x_wconf 87' lang='lat'>1;</span> 
     </span>
     <span class='ocr_line' id='line_1_38' title="bbox 159 3587 226 3627; baseline 0.045 -3"><span class='ocrx_word' id='word_1_301' title='bbox 159 3587 177 3624; x_wconf 81' lang='lat' dir='ltr'>u</span> <span class='ocrx_word' id='word_1_302' title='bbox 190 3587 226 3627; x_wconf 82' lang='lat' dir='ltr'>ra.</span> 
     </span>
    </p>
   </div>
   <div class='ocr_carea' id='block_1_5' title="bbox 0 0 1328 3920">
    <p class='ocr_par' dir='ltr' id='par_1_6' title="bbox 0 0 1328 3920">
     <span class='ocr_line' id='line_1_39' title="bbox 0 0 1328 3920; baseline 0 1"><span class='ocrx_word' id='word_1_303' title='bbox 0 0 1328 3920; x_wconf 95' lang='lat' dir='ltr'> </span> 
     </span>
    </p>
   </div>
  </div>
 </body>
</html>
