<?xml version="1.0" encoding="UTF-8"?>
<!DOCTYPE html PUBLIC "-//W3C//DTD XHTML 1.0 Transitional//EN"
    "http://www.w3.org/TR/xhtml1/DTD/xhtml1-transitional.dtd">
<html xmlns="http://www.w3.org/1999/xhtml" xml:lang="en" lang="en">
 <head>
  <title>
</title>
<meta http-equiv="Content-Type" content="text/html;charset=utf-8" />
  <meta name='ocr-system' content='tesseract 3.04.00' />
  <meta name='ocr-capabilities' content='ocr_page ocr_carea ocr_par ocr_line ocrx_word'/>
</head>
<body>
  <div class='ocr_page' id='page_1' title='image "./anthologialatin02lommgoog_0062.png"; bbox 0 0 2646 3920; ppageno 0'>
   <div class='ocr_carea' id='block_1_1' title="bbox 528 191 1114 247">
    <p class='ocr_par' dir='ltr' id='par_1_1' title="bbox 528 191 1114 247">
     <span class='ocr_line' id='line_1_1' title="bbox 528 191 1114 247; baseline 0 0"><span class='ocrx_word' id='word_1_1' title='bbox 528 191 735 247; x_wconf 80' lang='lat' dir='ltr'><strong>PRAEFATIO</strong></span> <span class='ocrx_word' id='word_1_2' title='bbox 1014 192 1114 247; x_wconf 87' lang='lat' dir='ltr'><strong>XLVII</strong></span> 
     </span>
    </p>
   </div>
   <div class='ocr_carea' id='block_1_2' title="bbox 151 358 1116 1154">
    <p class='ocr_par' dir='ltr' id='par_1_2' title="bbox 151 358 1116 1154">
     <span class='ocr_line' id='line_1_2' title="bbox 220 358 1115 439; baseline 0.001 -20"><span class='ocrx_word' id='word_1_3' title='bbox 220 359 263 420; x_wconf 77' lang='lat' dir='ltr'><strong>Ad</strong></span> <span class='ocrx_word' id='word_1_4' title='bbox 298 358 408 420; x_wconf 81' lang='lat' dir='ltr'><strong>calcem</strong></span> <span class='ocrx_word' id='word_1_5' title='bbox 446 359 535 420; x_wconf 91' lang='lat' dir='ltr'><strong>huius</strong></span> <span class='ocrx_word' id='word_1_6' title='bbox 572 359 706 420; x_wconf 81' lang='lat' dir='ltr'><strong>fasciculi</strong></span> <span class='ocrx_word' id='word_1_7' title='bbox 744 360 907 439; x_wconf 79' lang='lat' dir='ltr'><strong>aenigmata</strong></span> <span class='ocrx_word' id='word_1_8' title='bbox 943 359 1115 421; x_wconf 82' lang='lat' dir='ltr'><strong>hexasticha</strong></span> 
     </span>
     <span class='ocr_line' id='line_1_3' title="bbox 151 448 1115 528; baseline -0.001 -19"><span class='ocrx_word' id='word_1_9' title='bbox 151 448 317 528; x_wconf 76' lang='lat' dir='ltr'><strong>rhythmica</strong></span> <span class='ocrx_word' id='word_1_10' title='bbox 346 448 482 510; x_wconf 90' lang='lat' dir='ltr'><strong>barbarie</strong></span> <span class='ocrx_word' id='word_1_11' title='bbox 510 448 631 509; x_wconf 85' lang='lat' dir='ltr'><strong>horrida</strong></span> <span class='ocrx_word' id='word_1_12' title='bbox 659 448 752 525; x_wconf 88' lang='lat' dir='ltr'><strong>edidi,</strong></span> <span class='ocrx_word' id='word_1_13' title='bbox 780 467 855 528; x_wconf 88' lang='lat' dir='ltr'><strong>quae</strong></span> <span class='ocrx_word' id='word_1_14' title='bbox 880 467 895 508; x_wconf 92' lang='lat' dir='ltr'><strong>e</strong></span> <span class='ocrx_word' id='word_1_15' title='bbox 920 449 1022 510; x_wconf 89' lang='lat' dir='ltr'><strong>codice</strong></span> <span class='ocrx_word' id='word_1_16' title='bbox 1045 448 1115 510; x_wconf 90' lang='lat' dir='ltr'><strong>Ber-</strong></span> 
     </span>
     <span class='ocr_line' id='line_1_4' title="bbox 151 533 1114 616; baseline 0 -18"><span class='ocrx_word' id='word_1_17' title='bbox 151 540 237 598; x_wconf 91' lang='lat' dir='ltr'><strong>uensi</strong></span> <span class='ocrx_word' id='word_1_18' title='bbox 257 533 320 598; x_wconf 87' lang='lat'><strong>611</strong></span> <span class='ocrx_word' id='word_1_19' title='bbox 342 538 452 599; x_wconf 90' lang='lat' dir='ltr'><strong>saeculi</strong></span> <span class='ocrx_word' id='word_1_20' title='bbox 467 536 618 600; x_wconf 85' lang='lat' dir='ltr'><strong>Vlll-IX</strong></span> <span class='ocrx_word' id='word_1_21' title='bbox 637 556 652 597; x_wconf 97' lang='lat' dir='ltr'><strong>a</strong></span> <span class='ocrx_word' id='word_1_22' title='bbox 674 556 706 598; x_wconf 91' lang='lat' dir='ltr'><strong>se</strong></span> <span class='ocrx_word' id='word_1_23' title='bbox 726 537 875 616; x_wconf 88' lang='lat' dir='ltr'><strong>descripta</strong></span> <span class='ocrx_word' id='word_1_24' title='bbox 889 536 1114 599; x_wconf 89' lang='lat' dir='ltr'><strong>Hermannus</strong></span> 
     </span>
     <span class='ocr_line' id='line_1_5' title="bbox 151 625 1115 706; baseline 0 -19"><span class='ocrx_word' id='word_1_25' title='bbox 151 625 272 706; x_wconf 80' lang='lat' dir='ltr'>Hagen</span> <span class='ocrx_word' id='word_1_26' title='bbox 296 628 410 688; x_wconf 91' lang='lat' dir='ltr'><strong>amicus</strong></span> <span class='ocrx_word' id='word_1_27' title='bbox 429 626 502 687; x_wconf 88' lang='lat' dir='ltr'><strong>mihi</strong></span> <span class='ocrx_word' id='word_1_28' title='bbox 524 629 730 688; x_wconf 84' lang='lat' dir='ltr'><strong>transmiserat</strong></span> <span class='ocrx_word' id='word_1_29' title='bbox 749 626 918 706; x_wconf 86' lang='lat' dir='ltr'><strong>quibusque</strong></span> <span class='ocrx_word' id='word_1_30' title='bbox 938 627 1115 688; x_wconf 87' lang='lat' dir='ltr'><strong>emendandi</strong></span> 
     </span>
     <span class='ocr_line' id='line_1_6' title="bbox 151 714 1114 795; baseline 0.001 -19"><span class='ocrx_word' id='word_1_31' title='bbox 151 733 271 795; x_wconf 87' lang='lat' dir='ltr'><strong>operam</strong></span> <span class='ocrx_word' id='word_1_32' title='bbox 301 714 489 776; x_wconf 85' lang='lat' dir='ltr'><strong>utilissimam</strong></span> <span class='ocrx_word' id='word_1_33' title='bbox 517 714 660 777; x_wconf 89' lang='lat' dir='ltr'><strong>adhibuit.</strong></span> <span class='ocrx_word' id='word_1_34' title='bbox 712 714 833 793; x_wconf 76' lang='lat' dir='ltr'><strong>[Addidi</strong></span> <span class='ocrx_word' id='word_1_35' title='bbox 860 715 1018 776; x_wconf 87' lang='lat' dir='ltr'><strong>lectionem</strong></span> <span class='ocrx_word' id='word_1_36' title='bbox 1046 715 1114 777; x_wconf 91' lang='lat' dir='ltr'><strong>libri</strong></span> 
     </span>
     <span class='ocr_line' id='line_1_7' title="bbox 151 802 1114 883; baseline 0 -19"><span class='ocrx_word' id='word_1_37' title='bbox 151 804 358 883; x_wconf 86' lang='lat' dir='ltr'><strong>Lipsiensis</strong></span> <span class='ocrx_word' id='word_1_38' title='bbox 381 823 458 865; x_wconf 92' lang='lat' dir='ltr'><strong>anno</strong></span> <span class='ocrx_word' id='word_1_39' title='bbox 480 802 567 866; x_wconf 89' lang='grc'>1894</span> <span class='ocrx_word' id='word_1_40' title='bbox 590 823 605 864; x_wconf 93' lang='lat' dir='ltr'><strong>a</strong></span> <span class='ocrx_word' id='word_1_41' title='bbox 630 823 677 865; x_wconf 91' lang='lat' dir='ltr'><strong>me</strong></span> <span class='ocrx_word' id='word_1_42' title='bbox 701 804 809 866; x_wconf 87' lang='lat' dir='ltr'><strong>conlati</strong></span> <span class='ocrx_word' id='word_1_43' title='bbox 828 815 859 866; x_wconf 88' lang='lat' dir='ltr'><strong>et</strong></span> <span class='ocrx_word' id='word_1_44' title='bbox 877 804 1114 866; x_wconf 82' lang='lat' dir='ltr'><strong>vindobonensis</strong></span> 
     </span>
     <span class='ocr_line' id='line_1_8' title="bbox 151 892 1116 973; baseline 0 -20"><span class='ocrx_word' id='word_1_45' title='bbox 151 893 258 954; x_wconf 87' lang='lat' dir='ltr'><strong>Monei.</strong></span> <span class='ocrx_word' id='word_1_46' title='bbox 305 892 343 954; x_wconf 84' lang='lat' dir='ltr'><strong>Et</strong></span> <span class='ocrx_word' id='word_1_47' title='bbox 370 893 401 954; x_wconf 94' lang='lat' dir='ltr'><strong>hi</strong></span> <span class='ocrx_word' id='word_1_48' title='bbox 434 893 553 972; x_wconf 90' lang='lat' dir='ltr'><strong>quidem</strong></span> <span class='ocrx_word' id='word_1_49' title='bbox 586 895 681 954; x_wconf 86' lang='lat' dir='ltr'><strong>artius</strong></span> <span class='ocrx_word' id='word_1_50' title='bbox 713 894 801 973; x_wconf 89' lang='lat' dir='ltr'><strong>paulo</strong></span> <span class='ocrx_word' id='word_1_51' title='bbox 833 895 913 955; x_wconf 87' lang='lat' dir='ltr'><strong>inter</strong></span> <span class='ocrx_word' id='word_1_52' title='bbox 945 913 976 955; x_wconf 92' lang='lat' dir='ltr'><strong>se</strong></span> <span class='ocrx_word' id='word_1_53' title='bbox 1010 895 1116 955; x_wconf 86' lang='lat' dir='ltr'><strong>conexi</strong></span> 
     </span>
     <span class='ocr_line' id='line_1_9' title="bbox 152 982 1115 1066; baseline 0.002 -24"><span class='ocrx_word' id='word_1_54' title='bbox 152 994 333 1043; x_wconf 85' lang='lat' dir='ltr'><strong>nontamen</strong></span> <span class='ocrx_word' id='word_1_55' title='bbox 361 990 421 1044; x_wconf 89' lang='lat' dir='ltr'><strong>tam</strong></span> <span class='ocrx_word' id='word_1_56' title='bbox 450 982 520 1044; x_wconf 92' lang='lat' dir='ltr'><strong>boni</strong></span> <span class='ocrx_word' id='word_1_57' title='bbox 548 990 618 1043; x_wconf 87' lang='lat' dir='ltr'><strong>sunt</strong></span> <span class='ocrx_word' id='word_1_58' title='bbox 646 1001 734 1062; x_wconf 93' lang='lat' dir='ltr'><strong>quam</strong></span> <span class='ocrx_word' id='word_1_59' title='bbox 758 983 933 1066; x_wconf 87' lang='lat' dir='ltr'><strong>Beruensis,</strong></span> <span class='ocrx_word' id='word_1_60' title='bbox 962 985 987 1045; x_wconf 86' lang='lat' dir='ltr'><em>L</em></span> <span class='ocrx_word' id='word_1_61' title='bbox 1015 993 1115 1046; x_wconf 86' lang='lat' dir='ltr'><strong>autem</strong></span> 
     </span>
     <span class='ocr_line' id='line_1_10' title="bbox 152 1071 1114 1154; baseline 0.002 -23"><span class='ocrx_word' id='word_1_62' title='bbox 152 1071 257 1132; x_wconf 90' lang='lat' dir='ltr'><strong>melior</strong></span> <span class='ocrx_word' id='word_1_63' title='bbox 280 1080 327 1132; x_wconf 88' lang='lat' dir='ltr'><strong>est</strong></span> <span class='ocrx_word' id='word_1_64' title='bbox 350 1091 436 1150; x_wconf 92' lang='lat' dir='ltr'><strong>quam</strong></span> <span class='ocrx_word' id='word_1_65' title='bbox 469 1072 498 1132; x_wconf 88' lang='lat' dir='ltr'><strong>V.</strong></span> <span class='ocrx_word' id='word_1_66' title='bbox 545 1072 589 1132; x_wconf 77' lang='lat' dir='ltr'><strong>dd</strong></span> <span class='ocrx_word' id='word_1_67' title='bbox 618 1075 826 1152; x_wconf 89' lang='lat' dir='ltr'><strong>antiquitatem</strong></span> <span class='ocrx_word' id='word_1_68' title='bbox 854 1072 926 1135; x_wconf 91' lang='lat' dir='ltr'><strong>haec</strong></span> <span class='ocrx_word' id='word_1_69' title='bbox 950 1076 1114 1154; x_wconf 80' lang='lat' dir='ltr'><strong>aenigmata</strong></span> 
     </span>
    </p>
   </div>
   <div class='ocr_carea' id='block_1_3' title="bbox 151 1159 1248 1240">
    <p class='ocr_par' dir='ltr' id='par_1_3' title="bbox 151 1159 1248 1240">
     <span class='ocr_line' id='line_1_11' title="bbox 151 1159 1248 1240; baseline 0 -19"><span class='ocrx_word' id='word_1_70' title='bbox 151 1170 224 1240; x_wconf 88' lang='lat' dir='ltr'><strong>puto</strong></span> <span class='ocrx_word' id='word_1_71' title='bbox 252 1160 417 1222; x_wconf 89' lang='lat' dir='ltr'><strong>revocanda</strong></span> <span class='ocrx_word' id='word_1_72' title='bbox 445 1160 561 1222; x_wconf 89' lang='lat' dir='ltr'><strong>conlato</strong></span> <span class='ocrx_word' id='word_1_73' title='bbox 590 1168 620 1221; x_wconf 95' lang='lat' dir='ltr'><strong>et</strong></span> <span class='ocrx_word' id='word_1_74' title='bbox 644 1180 669 1221; x_wconf 88' lang='lat' dir='ltr'><strong>c.</strong></span> <span class='ocrx_word' id='word_1_75' title='bbox 693 1159 758 1224; x_wconf 87' lang='grc'><strong>383</strong></span> <span class='ocrx_word' id='word_1_76' title='bbox 782 1171 813 1223; x_wconf 87' lang='lat' dir='ltr'><strong>et</strong></span> <span class='ocrx_word' id='word_1_77' title='bbox 835 1171 899 1223; x_wconf 86' lang='lat' dir='ltr'><strong>arte</strong></span> <span class='ocrx_word' id='word_1_78' title='bbox 922 1164 1046 1224; x_wconf 89' lang='lat' dir='ltr'><strong>metrica</strong></span> <span class='ocrx_word' id='word_1_79' title='bbox 1070 1162 1115 1222; x_wconf 90' lang='lat' dir='ltr'><strong>vel</strong></span> <span class='ocrx_word' id='word_1_80' title='bbox 1245 1210 1248 1213; x_wconf 91' lang='lat'>.</span> 
     </span>
    </p>
   </div>
   <div class='ocr_carea' id='block_1_4' title="bbox 151 1249 787 1401">
    <p class='ocr_par' dir='ltr' id='par_1_4' title="bbox 151 1249 787 1401">
     <span class='ocr_line' id='line_1_12' title="bbox 151 1249 692 1330; baseline 0.002 -21"><span class='ocrx_word' id='word_1_81' title='bbox 151 1252 253 1329; x_wconf 86' lang='lat' dir='ltr'><strong>potius</strong></span> <span class='ocrx_word' id='word_1_82' title='bbox 276 1249 442 1330; x_wconf 76' lang='lat' dir='ltr'><strong>rhythmica</strong></span> <span class='ocrx_word' id='word_1_83' title='bbox 465 1249 692 1329; x_wconf 82' lang='lat' dir='ltr'><strong>Commodiani]</strong></span> 
     </span>
     <span class='ocr_line' id='line_1_13' title="bbox 219 1337 787 1401; baseline 0.004 -3"><span class='ocrx_word' id='word_1_84' title='bbox 219 1337 336 1399; x_wconf 87' lang='lat' dir='ltr'><strong>Indices</strong></span> <span class='ocrx_word' id='word_1_85' title='bbox 358 1339 505 1400; x_wconf 85' lang='lat' dir='ltr'><strong>addentur</strong></span> <span class='ocrx_word' id='word_1_86' title='bbox 528 1340 670 1400; x_wconf 86' lang='lat' dir='ltr'><strong>fasciculo</strong></span> <span class='ocrx_word' id='word_1_87' title='bbox 693 1340 787 1401; x_wconf 87' lang='lat' dir='ltr'><strong>alteri.</strong></span> 
     </span>
    </p>
   </div>
   <div class='ocr_carea' id='block_1_5' title="bbox 197 1444 1115 1706">
    <p class='ocr_par' dir='ltr' id='par_1_5' title="bbox 197 1444 1115 1706">
     <span class='ocr_line' id='line_1_14' title="bbox 241 1444 1115 1508; baseline 0.002 -3"><span class='ocrx_word' id='word_1_88' title='bbox 241 1445 370 1506; x_wconf 78' lang='lat' dir='ltr'><strong>DABAM</strong></span> <span class='ocrx_word' id='word_1_89' title='bbox 403 1444 698 1507; x_wconf 76' lang='lat' dir='ltr'><strong>fluiuucssuuctu</strong></span> <span class='ocrx_word' id='word_1_90' title='bbox 741 1465 842 1508; x_wconf 91' lang='lat' dir='ltr'><strong>mense</strong></span> <span class='ocrx_word' id='word_1_91' title='bbox 881 1445 1004 1508; x_wconf 87' lang='lat' dir='ltr'><strong>Octobri</strong></span> <span class='ocrx_word' id='word_1_92' title='bbox 1045 1449 1115 1507; x_wconf 90' lang='lat' dir='ltr'><strong>anui</strong></span> 
     </span>
     <span class='ocr_line' id='line_1_15' title="bbox 198 1533 1115 1613; baseline -0.001 -18"><span class='ocrx_word' id='word_1_93' title='bbox 198 1533 440 1597; x_wconf 79' lang='lat' dir='ltr'><strong>uucccuxvui</strong></span> <span class='ocrx_word' id='word_1_94' title='bbox 455 1534 597 1613; x_wconf 83' lang='lat' dir='ltr'>[DABAM</span> <span class='ocrx_word' id='word_1_95' title='bbox 612 1534 878 1597; x_wconf 75' lang='lat' dir='ltr'><strong>Fucucoivuul</strong></span> <span class='ocrx_word' id='word_1_96' title='bbox 891 1534 940 1596; x_wconf 77' lang='lat' dir='ltr'><strong>All</strong></span> <span class='ocrx_word' id='word_1_97' title='bbox 954 1534 1115 1597; x_wconf 85' lang='lat' dir='ltr'><strong>MOENVM</strong></span> 
     </span>
     <span class='ocr_line' id='line_1_16' title="bbox 197 1620 768 1706; baseline 0 -21"><span class='ocrx_word' id='word_1_98' title='bbox 197 1642 299 1685; x_wconf 89' lang='lat' dir='ltr'><strong>meuse</strong></span> <span class='ocrx_word' id='word_1_99' title='bbox 322 1623 397 1685; x_wconf 93' lang='lat' dir='ltr'><strong>lulio</strong></span> <span class='ocrx_word' id='word_1_100' title='bbox 421 1628 490 1685; x_wconf 90' lang='lat' dir='ltr'><strong>anni</strong></span> <span class='ocrx_word' id='word_1_101' title='bbox 513 1620 768 1706; x_wconf 68' lang='lat' dir='ltr'><strong>Mucccxculi}</strong></span> 
     </span>
    </p>
   </div>
   <div class='ocr_carea' id='block_1_6' title="bbox 0 0 1330 3920">
    <p class='ocr_par' dir='ltr' id='par_1_6' title="bbox 0 0 1330 3920">
     <span class='ocr_line' id='line_1_17' title="bbox 0 0 1330 3920; baseline 0 0"><span class='ocrx_word' id='word_1_102' title='bbox 0 0 1330 3920; x_wconf 95' lang='lat' dir='ltr'><strong> </strong></span> 
     </span>
    </p>
   </div>
  </div>
 </body>
</html>
