2672 3924
198 204 265 270 310
450 286 454 292 ι
599 204 767 285 clauum

242 371 354 433 Cereus
378 380 411 434 et·
431 372 536 433 dextra
558 371 691 432 flammas
715 372 854 434 diffundit
878 372 994 451 odoras,

286 459 420 522 Balsama
444 479 500 522 nec
523 460 641 543 desunt,
665 464 733 541 quis
757 461 873 523 redolet
895 461 1015 540 Paphie.

629 604 729 665 Maius

243 709 372 772 Cunctas
395 713 474 772 veris
498 728 570 790 opes
594 719 624 772 et
646 713 726 790 picta
749 712 862 772 rosaria
885 712 1011 788 gemmis

286 800 409 879 Liniger
431 802 462 860 in
486 799 619 879 calathis,
642 801 752 882 aspice,
774 800 869 860 Maius
892 799 991 879 hahet,

241 888 352 950 Mensis
375 888 580 967 Atlantigenae
604 889 704 949 dictus
727 891 903 968 cognomine
926 887 1028 969 hlaiae,

287 976 382 1048 Quem
405 979 514 1038 merito
537 977 666 1038 multum
689 976 785 1057 diligit
807 976 924 1038 Vrania.

629 1120 734 1181 Iunius

240 1225 345 1286 Nudus
369 1225 502 1285 membra
526 1225 634 1285 dehinc
657 1224 769 1286 solares
792 1227 916 1305 respicit
938 1224 1028 1286 horas

285 1313 389 1374 lunius
412 1333 446 1374 ac
469 1312 623 1374 Phoebum
646 1313 768 1375 flectere
792 1323 939 1375 monstrat
961 1316 1029 1376 iter.

231 1403 365 1481 'Lampas
389 1411 522 1464 maturas
545 1402 663 1463 Cereris
686 1401 822 1481 designat
845 1404 952 1463 aristas

286 1491 471 1572 Floralisque
495 1492 580 1571 logas
603 1492 663 1552 lilia
686 1491 751 1552 lusa
776 1491 893 1571 docent,

629 1634 727 1696 Iulius

242 1740 321 1802 Ecce
345 1739 492 1802 coloratos
516 1748 646 1802 ostentat
667 1740 762 1802 lulius
785 1750 877 1820 artus,

286 1829 391 1891 Crines
414 1831 464 1890 cui
487 1829 595 1890 rittilos
618 1832 716 1907 spicea
742 1837 821 1890 serta
845 1828 924 1908 ligat.

240 1918 342 1980 Morus
366 1920 546 1997 sanguineos
569 1918 693 1996 praehet
715 1917 865 1996 gravidata
890 1936 1032 2001 racemos,

286 2008 368 2079 Quae
392 2007 490 2067 medio
515 2006 622 2067 Cancri
645 2007 743 2068 sidere
767 2007 843 2067 laeta
866 2009 951 2069 viret.

601 2149 758 2229 Augustus

240 2256 390 2317 Fontanos
413 2255 517 2317 latices
540 2264 571 2318 et
593 2256 691 2318 lucida
714 2255 820 2336 pocula
844 2258 921 2316 vitro

286 2345 381 2407 Cento
405 2353 440 2407 ut
463 2345 599 2406 demerso
623 2345 757 2407 torridus
780 2364 833 2406 ore
856 2345 939 2406 hibat

240 2434 370 2495 heterno
394 2435 480 2513 regni
503 2437 636 2513 signatus
660 2436 780 2495 nomine
803 2435 924 2514 mensis,

285 2522 397 2584 Latona
419 2525 549 2603 genitam
574 2542 632 2603 quo
656 2523 816 2604 perhibent
838 2521 979 2585 Hecaten.

269 2681 303 2730 15
327 2675 460 2732 eeruteus
484 2678 514 2731 et
530 2677 561 2731 D
615 2675 710 2730 odorio
729 2676 759 2731 Ε
784 2692 840 2730 -res
864 2697 885 2729 ω
910 2675 1041 2744 (dodones
1064 2675 1106 2746 P)

198 2752 232 2801 16
251 2747 385 2801 Balsomo
402 2748 433 2803 D
468 2747 573 2817 popioo
591 2747 645 2802 CV
662 2745 748 2816 papie
767 2748 795 2801 P
810 2746 885 2819 palia
904 2748 934 2802 D
951 2745 1056 2819 paphip
1075 2747 1125 2803 Eo

199 2823 233 2872 17
252 2820 437 2888 pectorosos
454 2819 485 2874 D
540 2823 574 2873 18
594 2818 695 2872 colatis
714 2838 735 2872 oo
792 2823 824 2872 19
845 2821 875 2872 at
893 2820 937 2888 (aa
955 2818 1003 2888 ad)
1022 2816 1162 2887 lentigine

198 2890 229 2945 D
257 2888 439 2958 adlontigene
466 2889 490 2945 0
513 2887 657 2958 lentigene
686 2890 742 2944 VP
766 2887 912 2962 lantiganp
935 2890 966 2943 D
1018 2888 1166 2945 diciturC

197 2960 290 3014 maius
308 2961 401 3018 DVP
417 2959 475 3015 -iao
494 2960 552 3016 OE
640 2966 674 3014 20
692 2959 809 3013 uraniae
833 2960 891 3015 VP
910 2978 945 3014 ur
967 2976 985 3014 o
1007 2962 1075 3014 tuac
1093 2961 1125 3016 E

197 3037 231 3085 21
252 3029 353 3085 Nudus
367 3032 427 3085 edd.
441 3031 526 3085 Nuda
545 3034 631 3101 (genu
645 3032 708 3087 add.
723 3031 763 3099 D)
778 3052 799 3085 oo
837 3031 871 3103 s]
891 3030 962 3085 solio
977 3031 1007 3085 D
1054 3036 1088 3085 23
1107 3031 1162 3085 ari-

199 3101 251 3155 stis
276 3102 333 3156 VP
385 3107 420 3155 24
438 3103 541 3172 fugans
565 3102 621 3157 VP
637 3104 719 3173 sugas
739 3102 831 3157 ODE
865 3102 968 3158 docens
987 3123 1008 3156 ω
1064 3107 1097 3156 25
1117 3119 1163 3157 co-

197 3174 305 3227 loratos
324 3171 388 3242 Eo,
407 3174 436 3228 P
451 3191 520 3229 corr.
542 3175 603 3227 -lus
621 3174 733 3228 DVPo
811 3178 845 3226 26
864 3173 964 3228 rutilos
988 3174 1045 3228 VP
1059 3172 1163 3228 rutilus

198 3245 265 3300 DE
280 3243 436 3299 rutulusG
468 3244 548 3314 legat
566 3266 587 3299 oo
606 3244 690 3313 (ligat
703 3245 960 3314 Meerntaunianua)
1015 3249 1049 3298 27
1066 3261 1162 3299 morus

200 3314 257 3370 OE
272 3331 365 3369 moros
390 3314 479 3370 VPD
558 3320 591 3369 28
611 3313 688 3380 Quae
710 3315 766 3370 OE
782 3314 870 3381 Quem
893 3316 983 3370 VPD
1002 3314 1080 3380 Quae
1098 3315 1163 3372 ino

199 3385 302 3453 sydera
324 3385 382 3440 VP
461 3391 567 3440 29-48
586 3404 635 3441 om.
661 3387 718 3441 VP
796 3391 830 3440 29
848 3385 992 3440 Fontonos
1010 3387 1060 3442 Eo
1096 3386 1162 3442 uino

199 3455 355 3510 Miconos
440 3456 609 3522 eodemus,
633 3474 683 3512 om.
703 3459 748 3524 ul,
773 3455 804 3511 D
857 3456 979 3511 dimerso
998 3478 1019 3510 ω
1038 3457 1162 3526 (diuerso

198 3525 248 3592 υς)
329 3529 361 3579 31
382 3541 469 3594 regno
488 3528 520 3582 E
598 3533 631 3580 32
657 3526 784 3598 genitum
807 3544 892 3595 quem
910 3529 939 3581 D
983 3527 1115 3597 peribant
1132 3529 1162 3583 D

199 3593 318 3648 eohoten
338 3596 422 3651 DEo
440 3596 580 3652 eohothen
600 3598 624 3652 0
